3484 5025
507 517 545 571 at
755 511 841 562 ‚aruer
858 511 986 561 xxxva
1006 510 1053 575 (a
1066 526 1093 561 u.
1112 526 1137 563 e.
1156 511 1230 574 sss.)

463 697 569 755 milites
591 716 679 772 quum
702 696 732 752 in
754 696 827 752 dnes
849 695 994 753 divisisset
1016 704 1131 770 partas,
1162 714 1250 753 unam
1277 695 1406 753 radicibus
1421 715 1471 754 nm

462 804 533 860 tium
556 802 731 862 circumduci
754 803 791 858 ad
814 820 915 876 rupem
940 800 1031 870 iussit,
1053 819 1127 875 quaa,
1149 800 1268 877 fastigio
1290 800 1471 878 altitudinispu¹

431 909 558 968 timedio
579 908 656 964 valle
678 907 759 964 velut
779 908 905 982 abrupta
928 916 991 965 erat
1013 907 1051 964 ab
1073 924 1155 975 arce;
1187 906 1240 963 sed
1269 907 1341 965 adeo
1361 923 1472 982 propago

460 1014 570 1071 minata
597 1013 748 1070 cacumina
780 1031 879 1069 eorum
909 1011 1050 1069 montium
1080 1020 1163 1081 sunt,
1194 1021 1228 1069 ut
1248 1031 1285 1069 ex
1305 1012 1401 1069 vortice
1416 1011 1472 1070 aar

460 1120 563 1178 coniici
584 1119 643 1177 tela
663 1120 693 1176 in
712 1137 809 1177 arcem
824 1118 951 1193 possint3
973 1136 1038 1175 cum
1061 1116 1180 1174 dimidia
1198 1126 1282 1191 parte
1293 1117 1402 1175 militum
1413 1133 1474 1175 est*

460 1244 544 1283 surus
565 1224 666 1282 consul
688 1225 726 1281 ab
748 1225 820 1281 urbe
840 1225 988 1295 mercem,
1010 1224 1123 1299 signnm
1146 1223 1184 1279 ab
1207 1222 1252 1293 iis,
1274 1222 1323 1297 qui
1341 1221 1473 1300 ubtergo'

413 1331 700 1405 10rupemevasuri
724 1340 816 1401 erant,
837 1330 1036 1403 exspectabat.
1086 1329 1156 1387 Non
1185 1327 1295 1398 tulere,
1325 1330 1370 1403 qui
1394 1330 1419 1386 iu

460 1445 553 1504 erant,
575 1436 670 1494 AEtoli
692 1436 817 1510 primum
840 1454 951 1504 eorum,
982 1434 1032 1508 qui
1053 1452 1154 1508 rupem
1177 1443 1330 1507 ceperant,
1358 1433 1473 1505 elma„

461 1541 564 1598 deinde
587 1543 725 1616 impetum
756 1541 794 1597 ab
819 1541 891 1597 urbe
914 1542 1131 1609 Romanorum,
1162 1549 1192 1595 et
1220 1538 1322 1598 baetis
1341 1540 1392 1597 iam
1415 1564 1459 1587 τι

460 1655 489 1702 et
509 1646 589 1702 nulla
611 1646 652 1702 ibi
673 1655 840 1721 praeparata
865 1665 898 1702 re
928 1646 966 1703 ad
995 1644 1177 1703 obsidionem
1206 1647 1315 1704 diutius
1335 1647 1388 1704 tole
1405 1670 1452 1694 τιν

411 1755 442 1809 ll
461 1760 561 1826 utpote
582 1751 767 1827 congregatis
791 1750 907 1808 feminis
929 1751 1086 1826 puerisque
1115 1761 1144 1826 et
1169 1752 1282 1811 imbelli
1311 1752 1366 1811 alia
1383 1743 1462 1806 turbu'

460 1874 572 1926 arcem,
604 1875 668 1930 quae
695 1856 745 1912 vix
775 1874 897 1931 capere,
929 1857 1034 1914 nedum
1067 1856 1141 1912 tueri
1174 1857 1382 1924 multitudinem

459 1970 566 2035 posset.
605 1963 711 2037 Itaque
732 1962 771 2018 ad
793 1962 917 2037 primum
940 1962 1078 2036 impetum
1101 1961 1223 2019 abiectis
1246 1964 1335 2022 armis
1354 1960 1437 2020 dadid

410 2068 444 2123 12
458 2085 531 2124 sese.
578 2069 719 2125 Traditus
740 2068 815 2125 inter
836 2078 949 2125 cetoros
980 2067 1113 2142 princeps
1142 2068 1315 2126 AEtolorum
1337 2062 1454 2126 Dumo'

458 2182 511 2243 est,
533 2173 582 2248 qui
604 2173 745 2248 principio
767 2172 835 2229 belli
856 2172 1003 2229 decretum
1024 2170 1211 2244 AEtolorum,
1240 2192 1299 2248 qno
1321 2192 1384 2231 acce
1400 2193 1456 2220 ao*

358 2272 360 2275 ’
457 2278 635 2336 Antiochum
659 2286 840 2347 censuerant,
870 2278 908 2335 T.
931 2276 1066 2350 Quinctio
1093 2278 1227 2351 poscenti
1252 2271 1462 2355 responderut‚‘

457 2384 544 2441 Italia
565 2385 714 2453 daturum,
743 2402 831 2458 quum
854 2391 951 2440 castra
974 2382 1014 2438 ibi
1035 2382 1131 2440 AEtoli
1153 2385 1334 2458 posuissent.
1378 2383 1418 2443 Ob
1440 2415 1447 2427 v

457 2487 595 2548 ferociam
619 2490 711 2548 maius
734 2490 893 2548 victoribus
917 2488 1055 2565 gaudium
1077 2487 1201 2546 traditus
1224 2488 1288 2550 fuit.

313 2644 332 2673 .,
363 2586 404 2658 25
541 2597 653 2653 Eodem
679 2605 819 2668 tempore,
843 2615 902 2670 quo
926 2594 1052 2653 Romani
1078 2595 1267 2667 Heracleam,
1290 2597 1425 2672 Philippus
1465 2635 1467 2642 t

457 2702 545 2757 miam
569 2721 606 2758 ex
628 2701 790 2775 composito
811 2692 1012 2776 oppugnabat,
1034 2699 1111 2756 circa
1129 2701 1347 2779 Thermopylas
1367 2721 1419 2758 cnm
1438 2724 1455 2747 a

456 2806 519 2862 sule
540 2807 678 2864 redeunte
700 2826 737 2862 ex
752 2808 877 2877 Boeotia,
901 2816 931 2861 ut
953 2805 1104 2862 victoriam
1128 2807 1184 2880 ipsi
1208 2808 1373 2883 populoque
1385 2809 1453 2864 Rau

455 2912 652 2986 gratularetur
683 2924 906 2988 excusaretque,
936 2911 1014 2983 quod
1044 2912 1147 2967 morbo
1179 2912 1336 2987 impeditus
1365 2912 1458 2970 1)(εΙΙοιΙ

425 3017 642 3087 2interfuisset‚
664 3036 846 3092 congressus.
895 3019 968 3074 Inde
995 3015 1101 3073 diversi
1131 3017 1169 3071 ad
1200 3017 1275 3074 dues
1298 3019 1380 3075 simul
1403 3035 1431 3090 op
1449 3037 1468 3074 ι’»

425 3123 568 3184 3naudas
590 3125 676 3180 urbes
700 3121 832 3197 profecti.
869 3123 1016 3177 intersunt
1030 3129 1139 3193 septem
1158 3121 1249 3178 millia
1266 3122 1356 3181 ferme
1373 3139 1453 3198 passu

455 3237 484 3283 ct
516 3229 584 3301 quia
615 3229 720 3284 Lamia
755 3247 841 3302 quum
865 3227 962 3301 posita
984 3235 1027 3281 est
1058 3226 1088 3282 in
1119 3227 1245 3295 tumulo,
1282 3239 1342 3286 tum
1372 3245 1471 3303 reguum⁴

455 3333 581 3390 maxime
604 3335 684 3390 OEtae
705 3342 826 3408 spectat,
849 3332 957 3407 oppido
981 3351 1068 3406 quam
1091 3334 1179 3389 breve
1201 3333 1383 3392 intervallum
1403 3329 1471 3388 ndo,

423 3447 484 3500 tet
508 3440 607 3495 omnia
628 3440 657 3495 in
689 3448 845 3514 conspectu
875 3446 951 3494 sunt.
1000 3437 1095 3509 Quum
1125 3438 1225 3508 enixe,
1258 3441 1338 3497 velut
1370 3431 1458 3515 prcp'

454 3545 628 3613 certamine,
658 3546 785 3602 Romani
814 3542 1047 3616 Macedonesque
1083 3542 1158 3599 diam
1193 3563 1229 3601 ac
1261 3555 1374 3602 noctem
1404 3534 1465 3601 aut'

454 3651 591 3723 operibus
615 3659 666 3706 aut
685 3650 715 3705 in
737 3649 846 3724 proeliis
868 3658 972 3716 essent,
995 3648 1051 3704 hoc
1073 3649 1167 3706 maior
1197 3651 1353 3709 difficultas
1381 3653 1458 3707 uno

453 3755 537 3810 nibus
559 3765 630 3823 erat,
653 3756 731 3830 qnod
753 3753 880 3812 Romani
903 3772 1009 3827 aggere
1038 3764 1066 3810 et
1096 3755 1188 3813 vineis
1220 3767 1248 3813 ct
1271 3758 1401 3815 omnibus

452 3869 559 3916 terram
594 3861 747 3936 operibus,
784 3860 884 3920 subter
920 3858 1096 3915 Macedones
1132 3861 1272 3918 cuniculis
1304 3882 1444 3939 oppugn

422 3971 481 4025 bet
505 3966 534 4022 in
558 3966 669 4040 asperis
691 3965 762 4022 locis
784 3965 857 4021 silex
879 3983 961 4038 paene
982 3965 1209 4039 impenetrabilis
1232 3967 1312 4026 ferro
1339 3989 1389 4027 occ

451 4073 491 4129 Et
508 4091 596 4146 quum
620 4091 722 4146 parum
747 4072 917 4147 procederet
938 4070 1093 4145 inceptum,
1116 4091 1168 4145 per
1189 4073 1338 4148 colloquia
1359 4088 1480 4151 minen*

420 4177 614 4252 boppidanos
636 4179 768 4234 tentabat
788 4196 850 4245 rex,
873 4185 905 4232 ut
924 4178 1023 4233 urbem
1047 4176 1193 4246 dederent,
1215 4180 1296 4236 haud
1308 4181 1415 4250 dubius,
1432 4195 1470 4250 φ

452 4283 478 4338 si
499 4283 579 4357 prius
601 4284 747 4340 Heraclea
772 4290 859 4357 capta
880 4280 965 4352 foret,
987 4282 1128 4338 Romanis
1157 4301 1189 4340 se
1219 4287 1318 4359 potios
1348 4305 1427 4361 quam
1452 4307 1459 4327 ³
1482 4301 1484 4322 ²
