3484 5025
468 510 507 565 aa
723 505 802 554 nater
819 503 933 553 xxxn,
972 504 1021 567 (a.
1035 518 1059 552 u.
1075 518 1097 555 ο.
1112 502 1186 565 sss.)

425 709 478 747 nos
500 691 585 748 urbas
607 688 794 762 recipiemus,
822 697 962 761 tanquam
994 706 1051 744 non
1083 683 1218 743 intestino
1249 696 1277 743 et
1309 688 1435 744 harena
1458 686 1484 743 in

373 795 496 870 28ipsis
518 794 677 851 visceribus
699 813 819 851 uramur
842 793 929 852 ballo.
974 791 1071 863 Quum
1094 800 1172 847 terra
1192 791 1287 849 Nabis
1310 801 1339 849 at
1355 790 1485 849 Laceda-

426 900 524 966 monii,
547 899 620 956 mari
635 899 884 957 classisRomana
905 900 1057 973 urgebunt,
1080 897 1175 970 tunde
1196 897 1307 972 regiam
1322 897 1485 955 societatem

425 1014 454 1061 et
475 1005 669 1061 Macedonum
692 1004 828 1079 praesidia
852 1000 1029 1078 implorem?
1059 1005 1108 1060 Aa
1135 1002 1191 1077 ipsi
1213 1002 1321 1060 nostris
1343 1003 1433 1059 armis
1451 1004 1486 1060 ab
1526 1041 1528 1056 .

424 1111 508 1166 hosta
531 1111 666 1166 Romano
688 1110 849 1166 tutabimur
869 1111 966 1177 urbas,
990 1127 1054 1182 qaae
1076 1106 1344 1182 oppugnabantur?
1367 1108 1486 1184 Egregie
1525 1125 1528 1188 J

373 1219 411 1274 29
425 1215 500 1271 anim
523 1216 636 1290 Dymas
667 1216 764 1291 priora
796 1216 873 1272 bello
900 1231 999 1271 sumus
1030 1213 1124 1274 tutati.
1180 1211 1259 1270 Satis
1292 1213 1484 1288 exemplorum
1526 1195 1528 1206 Ι

425 1321 509 1377 nobis
531 1320 627 1377 clades
659 1321 759 1378 alianae
790 1323 931 1397 praebent3
963 1338 1001 1377 ne
1033 1335 1213 1393 quaeramus,
1246 1320 1505 1404 quemadmodum

373 1431 411 1486 30
425 1425 527 1481 ceteris
560 1426 694 1501 exemplo
723 1427 822 1485 simus.
873 1426 986 1494 Nolite,
1023 1423 1092 1498 quia
1124 1424 1200 1481 ultro
1233 1424 1362 1481 Romani
1393 1432 1484 1501 petunt

425 1530 598 1598 amicitiam,
627 1529 657 1586 id
679 1533 758 1606 quod
785 1532 944 1607 optandum
966 1529 1051 1587 vobis
1073 1548 1108 1587 ae
1129 1547 1315 1604 summopere
1336 1530 1483 1605 petendam

373 1643 407 1698 31
425 1643 497 1704 erat,
519 1633 659 1693 fastidire.
708 1639 790 1695 Metu
819 1637 894 1695 anim
924 1635 1058 1692 videlicet
1086 1634 1227 1709 compulsi
1248 1643 1278 1691 et
1300 1634 1434 1710 deprensi
1459 1634 1483 1692 in

424 1740 520 1796 aliena
542 1750 620 1796 tarra
644 1742 713 1817 qnia
744 1743 798 1799 sub
821 1744 925 1798 umbra
954 1739 1042 1796 vestri
1067 1740 1167 1797 auxilii
1194 1740 1285 1795 latare
1313 1740 1433 1810 volunt,
1458 1740 1482 1797 iu

424 1846 592 1903 societatem
615 1860 742 1905 vestram
766 1846 950 1921 confugiunt,
974 1856 1004 1901 ut
1026 1845 1157 1919 portibus
1180 1844 1284 1901 restris
1306 1846 1481 1921 recipiantur,

373 1959 410 2015 32
425 1959 456 2006 ut
477 1952 686 2009 commeatibus
716 1962 842 2009 utantur.
895 1952 979 2006 Mara
1007 1949 1036 2005 in
1066 1959 1211 2024 potestate
1232 1950 1358 2021 habent;
1390 1962 1481 2020 terras,

426 2073 614 2129 quascunque
636 2058 752 2128 adeunt,
775 2056 922 2131 extemplo
946 2055 1067 2111 dicionis
1089 2072 1148 2111 suaa
1169 2052 1289 2111 faciunt.
1335 2056 1424 2127 Quod
1442 2073 1481 2113 ro·

424 2171 504 2234 gant,
525 2179 629 2236 cogare
650 2172 790 2237 possunt3
823 2163 893 2237 quia
912 2161 1076 2237 pepercisse
1100 2154 1196 2215 vobis'
1212 2158 1330 2229 volunt,
1360 2159 1481 2218 commit·

373 2274 411 2329 33
425 2275 485 2322 tere
505 2285 569 2337 vos,
591 2285 643 2323 car
663 2268 798 2343 pereatis,
821 2286 879 2324 non
901 2266 1059 2341 patiuntur.
1106 2265 1185 2321 Nam
1214 2265 1293 2338 quod
1314 2263 1482 2323 Cleomedon

426 2372 513 2428 modo
535 2382 674 2445 tanquam
698 2374 823 2431 mediam
846 2383 875 2429 et
900 2372 1071 2429 tutissimam
1100 2370 1185 2426 vobis
1206 2370 1284 2427 viam
1312 2371 1438 2442 consilii,
1456 2377 1483 2428 at

426 2476 609 2550 quiesceretis
632 2478 873 2552 abstineretisque
895 2478 1000 2547 armis,
1033 2475 1221 2546 ostendebat,
1251 2493 1287 2532 ea
1307 2493 1368 2533 nou
1388 2474 1482 2544 media,

374 2588 411 2643 34
425 2581 475 2638 sed
500 2581 579 2638 nulla
600 2582 650 2638 via
672 2594 723 2643 est.
767 2585 883 2641 Etenim
911 2593 1103 2660 praeterquam
1136 2581 1214 2655 quod
1245 2590 1296 2637 aut
1324 2581 1484 2657 accipienda

426 2698 476 2743 aut
497 2688 660 2761 spernenda
681 2689 765 2746 vobis
795 2692 931 2747 Romana
960 2690 1085 2747 societas
1107 2694 1164 2754 est,
1193 2684 1263 2759 quid
1293 2685 1374 2742 aliud
1406 2703 1482 2762 quan

425 2809 568 2866 nusquam
590 2794 687 2866 gratia
708 2796 815 2866 stabili,
837 2796 919 2853 velut
940 2796 990 2869 qui
1009 2802 1143 2851 eventum
1164 2793 1439 2866 exspectaverimus,
1458 2798 1484 2848 nt

425 2896 549 2954 fortunae
571 2899 783 2974 applicaremus
805 2910 907 2958 nostra
929 2899 1059 2970 consilia,
1086 2898 1186 2972 praeda
1214 2895 1334 2955 victoris
1361 2891 1484 2953 erimus?

374 3003 411 3058 35
425 3002 533 3073 Nolite,
561 3004 595 3073 si,
618 3005 853 3079 qnod-omnibus
877 3007 953 3063 rotis
974 3003 1128 3081 petendum
1152 3011 1232 3071 erat,
1263 3000 1341 3058 ultro
1363 2999 1484 3067 offertur,

424 3107 564 3165 fastidire.
609 3110 692 3179 Non,
728 3111 972 3183 quemadmodum
1004 3109 1091 3166 hodie
1120 3119 1275 3182 utrumque
1304 3105 1391 3162 vobis
1418 3104 1484 3171 licat,

425 3214 466 3270 sic
496 3233 610 3289 semper
633 3217 776 3273 liciturum
813 3229 869 3287 est;
902 3235 956 3273 nec
982 3233 1059 3289 saepe
1087 3232 1139 3271 nec
1167 3214 1215 3270 diu
1244 3212 1346 3269 eadem
1378 3208 1484 3268 occasio

374 3323 411 3377 36
425 3321 488 3376 erit.
541 3320 681 3378 Liberara
705 3340 759 3378 vos
788 3341 806 3378 a
833 3322 970 3397 Philippo
999 3321 1057 3377 iam
1087 3320 1136 3376 diu
1165 3318 1258 3392 magis
1286 3316 1374 3373 vultis
1405 3330 1485 3390 quarn

425 3426 546 3485 audetis.
594 3426 663 3483 Sine
684 3436 782 3484 vestro
806 3428 907 3484 labore
929 3437 957 3483 et
978 3426 1107 3501 periculo
1130 3425 1180 3499 qui
1201 3441 1255 3481 vos
1277 3423 1307 3479 in
1329 3422 1485 3479 libertatem

424 3531 622 3600 vindicarent,
651 3550 715 3588 cum
746 3534 859 3607 magnis
884 3532 1024 3589 classibus
1047 3531 1280 3604 exercitibusque
1302 3545 1385 3584 mare
1406 3524 1485 3583 trais·

373 3638 410 3692 37
425 3648 532 3692 cerunt.
584 3639 649 3694 Hos
677 3639 700 3693 si
723 3639 819 3695 socios
841 3636 1055 3712 aspernamini,
1089 3634 1140 3691 vix
1170 3633 1274 3690 mentis
1302 3645 1387 3691 sanat
1410 3633 1486 3699 eadat

424 3742 475 3796 sed
498 3753 548 3798 ant
569 3743 664 3798 socios
690 3754 740 3800 aut
763 3746 862 3800 hostes
887 3742 1019 3799 habeatis
1043 3743 1187 3814 oportct.“

330 3841 374 3909 22
509 3848 672 3903 Secundum
686 3849 847 3905 orationem
863 3847 996 3923 praetoris
1019 3864 1149 3902 murmur
1170 3852 1265 3900 ortum
1289 3843 1415 3902 aliorum
1427 3861 1486 3902 cnm

394 3955 554 4021 2assensu,
577 3952 699 4008 aliorum
722 3954 908 4011 inclementer
930 3953 1118 4010 assentientes
1140 3949 1367 4024 increpantium
1389 3962 1418 4009 et
1433 3951 1487 4009 ian

425 4076 482 4113 non
505 4058 744 4131 singulitantum,
767 4060 819 4116 sed
840 4058 941 4135 populi
964 4056 1089 4114 universi
1111 4057 1186 4113 inter
1209 4074 1240 4112 se
1263 4055 1486 4114 altercabantur.

425 4164 501 4219 Tum
524 4163 598 4220 inter
620 4165 805 4239 magistratus
824 4164 918 4239 gentis
948 4163 1128 4238 (damiurgos
1150 4171 1272 4231 vocaut3
1304 4163 1404 4221 decem
1436 4179 1487 4218 nu·

427 4288 506 4324 mero
529 4273 676 4342 creantur)
700 4281 845 4329 certamen
878 4270 967 4326 nihilo
995 4269 1111 4343 segnius
1144 4285 1231 4341 quam
1259 4266 1336 4326 inter
1367 4269 1486 4327 multitu·
1530 4290 1532 4313 =

1527 4322 1532 4394 1
