3484 5025
484 520 522 576 aa
549 547 561 573 .
742 516 821 565 uisa
831 515 933 569 xxxa
970 515 1094 578 (aaa.
1108 516 1182 578 ssa.)

394 700 429 758 13
442 702 666 779 oppugnandam
696 703 820 759 Romam
841 701 989 759 miserunt.
1038 702 1151 758 Horum
1174 702 1198 757 si
1219 719 1312 775 neque
1341 701 1410 758 urbs
1434 702 1493 776 ipsa

442 828 535 883 nequa
561 810 648 865 homo
673 808 832 882 'qnisquam
864 815 1040 882 superesset,
1071 808 1135 881 quis
1163 807 1192 863 id
1214 806 1312 864 durius
1335 826 1423 882 quam
1443 825 1493 883 pro

393 914 544 970 tamarim
567 914 695 988 ipsorum
718 922 855 969 statutum
878 913 1021 989 indignari
1042 911 1159 989 posset?
1190 914 1293 970 Plures
1315 912 1492 987 sibimetipsi

443 1019 617 1077 conscientia
638 1019 776 1076 scelerum
799 1029 919 1075 mortem
942 1019 1142 1076 consciverunt
1164 1037 1249 1093 quam
1273 1020 1310 1075 ab
1332 1018 1492 1092 nobissup·

443 1126 529 1201 plicio
553 1123 648 1182 affecti
670 1135 744 1181 sunt.
789 1122 899 1181 (leteris
919 1123 961 1180 ita
983 1124 1129 1199 oppidum,
1158 1124 1199 1180 ita
1221 1142 1308 1199 agros
1330 1124 1492 1192 ademimus,

396 1233 430 1286 15
445 1240 476 1286 ut
496 1249 596 1304 agrum
619 1231 771 1304 locumque
794 1230 830 1285 ad
852 1230 1039 1286 habitandum
1062 1231 1205 1300 daremus,
1228 1232 1327 1288 urbem
1350 1228 1492 1286 innoxiam

445 1345 521 1392 stare
545 1334 716 1392 incolumem
738 1345 913 1411 pateremur,
935 1345 975 1406 ut,
998 1335 1046 1408 qni
1067 1336 1154 1393 hodie
1174 1336 1272 1392 videat
1293 1355 1369 1406 eam,
1391 1334 1491 1391 nullum

445 1450 618 1518 oppugnatae
651 1451 778 1518 captaeve
809 1443 849 1498 ibi
876 1441 1027 1515 vestigium
1063 1440 1197 1500 inveniat.
1253 1441 1311 1499 Sed
1347 1442 1417 1515 quid
1445 1458 1492 1515 ego

446 1546 578 1623 Capuam
600 1548 674 1619 dico,
696 1567 783 1622 quum
806 1546 976 1622 Carthagini
989 1547 1072 1603 victae
1093 1567 1193 1623 pacem
1216 1567 1250 1604 ac
1265 1548 1428 1605 libertatem
1451 1547 1493 1603 da-

397 1651 590 1711 ldderimns?
640 1653 736 1728 Magis
758 1653 827 1709 illud
860 1664 903 1710 est
930 1653 1102 1729 periculum,
1131 1673 1166 1710 ne
1191 1654 1275 1709 nimis
1302 1653 1389 1710 facile
1419 1652 1494 1709 victis
1526 1683 1530 1694 ·

445 1760 619 1834 ignoscendo
641 1760 738 1834 pluras
759 1759 797 1815 ob
818 1760 848 1816 id
875 1760 967 1835 ipsum
991 1760 1028 1815 ad
1059 1759 1264 1835 experiundam
1287 1758 1427 1815 adversus
1446 1775 1495 1814 nos
1528 1819 1530 1824 ,

398 1864 431 1918 17
445 1865 590 1922 fortunam
613 1865 679 1922 belli
702 1865 861 1923 incitemus.
905 1867 976 1922 Haec
1001 1885 1054 1941 pro
1077 1865 1160 1921 nobis
1179 1865 1257 1921 dicta
1278 1866 1343 1934 sint,
1365 1867 1428 1922 haec
1450 1865 1496 1921 ad-

445 1989 545 2028 versus
567 1972 748 2046 Philippum,
778 1971 858 2027 cuius
886 1971 1044 2027 domestica
1075 1972 1229 2046 parricidia
1255 1979 1284 2026 ct
1311 1981 1495 2045 cognatorum
1528 2029 1530 2040 ,

446 2077 662 2151 amicorumque
688 2077 780 2134 caedes
807 2086 836 2134 et
864 2077 1010 2133 libidinem
1041 2077 1269 2134 inhumaniorem
1299 2095 1391 2152 prope
1414 2095 1495 2151 quam

446 2183 642 2240 crudelitatem
665 2201 728 2253 vos,
754 2201 811 2257 quo
832 2182 983 2258 propiores
996 2184 1263 2251 Macedoniaeest-is,
1286 2182 1387 2239 melius
1401 2182 1496 2239 nostis.

398 2284 434 2341 18
447 2286 533 2360 Quod
555 2287 593 2343 ad
616 2306 669 2345 vos
691 2290 801 2357 attinet,
823 2289 925 2358 AEtoli,
947 2307 1000 2344 nos
1021 2307 1075 2363 pro
1090 2289 1173 2345 vobis
1195 2289 1299 2346 bellum
1322 2289 1496 2363 suscepimus

447 2394 586 2450 adversus
614 2395 795 2470 Philippum,
827 2414 880 2451 vos
909 2395 970 2451 sinc
999 2395 1082 2451 nobis
1110 2414 1173 2452 curn
1201 2415 1236 2452 eo
1258 2412 1360 2470 pacem
1381 2393 1495 2456 fecistis.

398 2497 486 2558 talu
506 2499 629 2557 forsitan
651 2500 762 2569 dicatis,
784 2500 859 2558 bello
872 2502 982 2559 Punico
1005 2501 1152 2577 occupatis
1173 2500 1267 2571 nobie,
1289 2511 1408 2559 coactos
1425 2509 1495 2559 mstu

446 2624 500 2662 vos
521 2607 599 2681 leges
620 2608 701 2682 pacis
723 2609 760 2664 ab
775 2626 819 2677 eo,
842 2607 891 2681 qni
905 2616 965 2663 tum
977 2607 1041 2682 plns
1053 2616 1176 2682 poterat,
1199 2606 1354 2680 accepisse.
1386 2609 1427 2666 Et
1441 2625 1497 2674 nos,

447 2730 535 2786 quum
558 2712 615 2768 alia
636 2713 749 2770 maiora
770 2721 913 2788 urgerent,
941 2712 1101 2786 depositum
1124 2733 1143 2770 a
1162 2713 1246 2770 vobis
1267 2713 1373 2769 bellum
1398 2722 1428 2770 et
1447 2711 1498 2789 ipsi

396 2819 434 2875 20
448 2818 604 2875 omisimus.
647 2820 733 2877 Nunc
765 2829 794 2876 et
821 2837 890 2884 nos,
923 2819 1007 2875 deum
1036 2819 1211 2894 benignitate
1239 2819 1350 2876 Punico
1372 2817 1497 2894 perfecto

446 2925 533 2994 bello,
554 2924 622 2980 totis
643 2925 753 2981 viribus
777 2924 881 2980 nostris
903 2924 932 2979 in
947 2924 1149 2981 Macedoniam
1166 2925 1357 2992 incubuimus,
1379 2922 1497 2980 etvobis

447 3030 615 3087 restituendi
644 3050 698 3087 vos
730 3031 758 3086 in
788 3029 943 3086 amicitiam
972 3030 1196 3104 societatemque
1226 3041 1354 3087 nostram
1385 3029 1498 3087 fortuna

448 3136 547 3192 oblata
568 3145 619 3203 ast,
649 3136 703 3192 nisi
731 3135 824 3210 perire
855 3153 919 3191 cum
942 3134 1077 3210 Philippo
1101 3154 1186 3209 quam
1218 3136 1332 3193 vincere
1354 3155 1419 3193 cum
1442 3138 1498 3194 Ro·

448 3243 542 3299 manis
564 3242 728 3298 mavultis.“
750 3292 753 3301 .

357 3341 403 3411 32
533 3351 604 3406 Haec
626 3349 703 3405 dicta
724 3346 761 3402 ab
784 3347 918 3429 Rerum
947 3365 1034 3421 quum
1063 3356 1171 3417 essent,
1202 3347 1346 3403 inclinatis
1375 3346 1497 3403 omnium

449 3456 551 3512 animis
574 3456 611 3512 ad
639 3457 797 3520 Romanos,
818 3451 1005 3509 Damocritus
1033 3463 1139 3527 praetor
1165 3452 1351 3522 AEtolorum,
1372 3452 1499 3527 pecunia,

442 3570 479 3628 ‚ut
501 3559 581 3617 lama
610 3568 666 3626 est,
699 3559 736 3613 ab
758 3575 826 3631 rege
848 3568 982 3632 accepta,
1014 3557 1084 3614 nihil
1113 3568 1162 3614 aut
1188 3559 1253 3615 huic
1281 3568 1332 3616 aut
1360 3557 1401 3614 illi
1429 3555 1498 3633 perti

418 3664 592 3735 lassensus,
612 3684 673 3721 rem
694 3661 789 3736 magni
812 3662 982 3719 discriminis
1005 3662 1129 3720 consiliis
1152 3665 1259 3721 nnllam
1284 3683 1347 3720 esse
1368 3673 1428 3720 tarn
1448 3663 1499 3720 ini·

449 3769 552 3825 micam
575 3788 661 3844 quam
684 3768 856 3825 celeritatem
880 3768 966 3837 dixit3
989 3769 1108 3825 celerem
1131 3771 1205 3826 enim
1227 3770 1432 3845 paenitentiam,
1453 3768 1498 3825 sed

449 3876 569 3932 eandem
591 3895 686 3932 seram
709 3884 796 3949 atque
816 3874 944 3930 inutilem
967 3874 1058 3948 sequi,
1089 3895 1174 3949 quum
1197 3877 1377 3951 praecipitata
1399 3877 1499 3952 raptim

449 3980 569 4037 consilia
597 4001 690 4056 neque
721 3981 851 4037 revocari
882 3998 975 4053 neque
1006 3980 1035 4036 in
1067 3981 1208 4057 integrum
1242 3983 1353 4039 rest—itui
1384 3983 1500 4058 possint

419 4081 674 4144 3Deliberetionis
695 4087 765 4156 eius,
786 4086 867 4143 cuius
889 4086 951 4161 ipse
979 4087 1173 4144 maturitatem
1197 4089 1422 4161 exspectandam
1450 4107 1499 4164 pu·

449 4201 537 4262 taret,
582 4202 693 4268 tempus
736 4192 777 4248 ita
825 4193 883 4249 iam
922 4211 996 4248 nunc
1039 4193 1127 4248 statui
1161 4211 1261 4267 posse:
1310 4211 1399 4267 quum
1435 4192 1500 4267 legi·

447 4297 502 4354 bus
534 4308 649 4355 cautum
681 4306 772 4366 esset,
803 4316 840 4353 ne
868 4298 904 4354 de
930 4317 1002 4374 pace
1023 4299 1157 4373 belloque
1184 4299 1239 4355 nisi
1268 4298 1302 4355 in'
1327 4299 1500 4356 Panaetolico
