3484 5025
235 518 239 526 .
329 579 332 584 ι
430 509 491 583 233
702 502 796 554 ¹Liber
812 503 871 553 XL.
907 502 954 565 (Δ.
973 516 997 551 u.
1016 515 1042 551 e„
1057 498 1130 567 tta.)

358 690 496 749 4Paucis
517 696 585 765 post
605 687 717 745 diebus·
729 685 881 757 Celtiberi,
910 684 1000 742 millia
1028 685 1088 743 dno
1109 684 1176 749 fere
1196 684 1291 755 inde,
1310 685 1363 741 sub
1384 684 1446 741 colle

388 804 548 873 posuerunt
574 800 679 851 castra.
728 791 811 865 Quos
841 792 890 849 ubi
917 792 1019 849 adessa
1047 800 1158 867 praetor
1180 792 1336 849 Romanus
1362 789 1447 858 sensit,

389 903 431 959 M.
459 900 595 959 Fulvium
623 897 743 955 fratrem
775 915 840 954 eum
870 897 983 954 duabus
1014 894 1118 953 turmis
1150 894 1302 953 sociorum
1334 895 1449 969 equitnm

390 1008 429 1065 ad
450 1015 547 1065 eastra
567 1004 694 1063 hostium
716 1003 895 1078 speculatum
917 1002 1010 1071 misit,
1037 981 1290 1076 quam-proxime
1311 1000 1450 1058 succedere

360 1114 429 1170 bad
450 1110 559 1168 vallum
581 1109 707 1177 iussum,
728 1117 761 1165 ut
781 1108 897 1179 viseret,
917 1115 1027 1183 quanta
1048 1115 1159 1184 essent3
1182 1126 1287 1183 pugna
1308 1107 1451 1165 abstineret

390 1216 588 1293 reciperetque
620 1231 701 1287 sese,
733 1214 758 1270 si
790 1214 917 1271 hostium
950 1213 1111 1288 equitatum
1144 1222 1305 1271 exeuntem
1337 1212 1451 1270 vidisset

294 1317 296 1320 ’
345 1321 453 1391 .,Ita,
485 1327 518 1376 ut
539 1329 715 1394 praeoeptum
746 1328 824 1391 erat,
849 1318 929 1377 fecit.
975 1320 1035 1376 Per
1063 1318 1126 1377 dies
1148 1319 1267 1394 aliquot
1294 1319 1366 1377 nihil
1388 1320 1453 1376 ultra

390 1435 511 1494 motum,
534 1442 623 1499 qnam
639 1434 670 1481 ut
685 1426 731 1481 hae
749 1412 1177 1495 duaetu'rmm'ostenderentur,
1198 1425 1307 1483 deinde
1320 1426 1452 1483 subduce-

359 1512 498 1600 tlrentur,
520 1529 571 1586 ubi
593 1530 738 1604 equitatus
759 1529 885 1586 hostium
909 1529 1011 1588 castris
1026 1530 1272 1605 procucurrisset.
1309 1532 1452 1589 Postremo

391 1635 544 1705 Celtiberi,
575 1634 662 1692 simul
688 1634 822 1691 omnibus
854 1634 946 1711 copiis
978 1635 1107 1710 peditum
1138 1614 1333 1711 equitumque
1363 1634 1453 1692 castris

390 1742 515 1817 egressi,
545 1741 607 1798 acie
629 1740 739 1796 directa
761 1740 857 1797 medio
879 1739 941 1798 fere
962 1742 1058 1818 spatio
1083 1742 1160 1799 inter
1182 1742 1255 1800 bina
1277 1750 1376 1798 castra
1396 1756 1453 1797 oon·

361 1848 533 1905 lstiterunt.
581 1844 711 1919 Campus
740 1853 804 1902 erat
830 1846 936 1921 planus
958 1847 1051 1904 omnis
1078 1856 1108 1904 et
1135 1856 1223 1924 aptus
1256 1866 1373 1924 pugna.
1416 1845 1454 1904 Ibi

390 1962 496 2009 stetere
531 1950 658 2025 Hispani
692 1951 792 2006 hostes
831 1960 1047 2027 exspectantes;
1084 1955 1240 2012 Romanus
1277 1970 1353 2010 suos
1389 1951 1453 2009 intra

390 2058 498 2115 vallum
515 2054 663 2113 continuit
696 2055 755 2111 Per
770 2056 955 2129 quatriduum
971 2056 1137 2115 continuum
1159 2066 1190 2113 et
1200 2110 1203 2114 ,
1213 2056 1259 2113 illi
1274 2058 1379 2137 eodem
1398 2058 1453 2114 loco

360 2162 483 2220 8aciem
508 2161 678 2217 instructam
699 2168 854 2217 tenuerunt
875 2170 901 2218 et
921 2161 959 2218 ab
974 2162 1115 2220 Romanis
1136 2161 1210 2220 nihil
1232 2172 1358 2223 motum.
1393 2161 1454 2219 Inde

392 2268 528 2342 quievere
554 2266 584 2322 in
611 2265 714 2322 eastris
743 2264 895 2334 Celtiberi,
926 2267 995 2340 quia
1022 2284 1127 2343 pugnae
1156 2266 1246 2341 eopia
1272 2286 1345 2329 non,
1363 2268 1454 2335 fiebam

392 2372 503 2447 equites
532 2380 643 2428 tantum
672 2372 702 2428 in
730 2372 885 2429 stationem
912 2348 1150 2447 egrediebantur,
1179 2380 1211 2429 ut
1234 2374 1335 2446 parati
1363 2381 1454 2441 essent,

362 2479 418 2536 tsi
440 2478 509 2552 quid
539 2479 576 2535 ab
597 2478 682 2535 hoste
704 2488 877 2536 moveretur.
926 2478 1010 2535 Pone
1031 2486 1128 2535 castra
1149 2477 1269 2552 utrique
1293 2478 1452 2553 pabulatum

298 2577 336 2648 31
388 2594 422 2642 -et
443 2585 583 2660 lignatum
600 2585 690 2654 ibant,
712 2584 806 2640 neutri
822 2585 929 2640 alteros
944 2583 1141 2659 impedientes.
1178 2585 1299 2641 Praetor
1314 2586 1453 2642 Romanus

394 2691 442 2748 ubi
464 2692 535 2747 satis
565 2699 609 2746 tot
630 2690 741 2746 dierum
764 2688 861 2762 quiete
882 2688 1004 2746 eredidit
1034 2708 1116 2764 spem
1138 2687 1250 2745 factam
1273 2690 1369 2759 hosti,
1396 2686 1453 2744 nihil

392 2814 424 2852 se
451 2796 577 2870 priorem
611 2804 772 2862 moturum,
805 2794 839 2853 L.
867 2794 994 2852 Acilium
1025 2813 1089 2852 cum
1123 2793 1172 2850 ala
1201 2794 1324 2852 sinistra
1355 2806 1383 2852 et
1412 2811 1453 2851 sex

393 2899 518 2956 millibus
534 2899 755 2974 provincialium
773 2899 947 2956 auxiliorum
972 2900 1122 2957 circumire
1146 2909 1277 2957 montem
1301 2901 1392 2970 iubet,
1415 2897 1452 2972 qui

362 3005 430 3062 2ab
452 3013 534 3077 tergo
557 3003 689 3060 hostibus
711 3014 790 3074 erat,
813 3004 888 3074 inde,
911 3005 960 3062 ubi
976 3006 1131 3063 clamorem
1148 3006 1289 3076 audisset,
1312 3007 1452 3064 decurrere

394 3109 430 3165 ad
459 3117 556 3171 castra
586 3128 696 3172 eorum,
739 3110 835 3166 Nocte
864 3110 986 3185 profecti
1009 3120 1091 3181 sunt,
1121 3130 1158 3167 ne
1183 3121 1307 3186 possent
1330 3107 1452 3184 conspici.

362 3218 379 3272 3
393 3215 517 3271 Flaccus
531 3214 594 3271 luce
609 3215 704 3289 prima
720 3213 753 3275 C.
769 3215 962 3286 Scribonium,
977 3216 1143 3291 praefsctum
1159 3217 1285 3287 socium,
1302 3218 1342 3273 ad
1355 3216 1450 3274 vallum

392 3321 518 3376 hostium
556 3339 621 3376 cum
659 3321 803 3394 equitibus
840 3323 1077 3379 extraordinariis
1115 3321 1239 3378 sinistrae
1277 3322 1333 3379 ab
1369 3320 1450 3378 mittit.

361 3425 474 3497 dQuos
505 3426 554 3481 ubi
584 3436 613 3482 ct
641 3428 761 3501 propius
789 3427 927 3488 accedere
954 3436 982 3485 et
1009 3429 1121 3502 plures,
1150 3445 1239 3501 quam
1270 3428 1350 3484 soliti
1374 3433 1451 3489 erant,

394 3528 530 3586 Celtiberi
546 3541 767 3606 conspexerunt,
790 3533 883 3589 omnis
899 3534 1044 3606 equitatus
1059 3531 1217 3589 effunditur
1233 3533 1354 3603 castris3
1377 3527 1449 3588 simul

362 3641 423 3694 5et
443 3636 587 3709 peditibus
609 3638 722 3711 signum
745 3639 783 3695 ad
798 3639 961 3694 exeundum
985 3639 1079 3696 datur.
1116 3637 1300 3707 Scribonius,
1324 3639 1366 3695 uti
1388 3653 1450 3712 pra·

394 3750 509 3815 ceptum
534 3751 605 3811 erat,
627 3742 675 3798 ubi
698 3731 822 3823 primum
845 3743 991 3801 fremitum
1014 3754 1176 3818 equestrem
1199 3744 1331 3814 audivit,
1360 3739 1451 3799 avertit

363 3853 483 3919 fiequos
506 3856 534 3902 et
556 3854 653 3903 castra
667 3849 780 3922 repetit.
817 3850 863 3906 Εο
887 3848 1004 3907 effusius
1026 3849 1108 3923 sequi
1129 3850 1238 3919 hostes,
1262 3849 1361 3923 primo
1383 3846 1450 3921 eqni·

393 3960 450 4021 tes;
475 3971 545 4008 mox
566 3960 602 4008 et
615 3954 742 4027 peditum
766 3955 842 4011 acies
864 3954 1082 4027 aderat„haud
1104 3952 1193 4010 dubia
1215 3972 1286 4029 spe,
1309 3965 1450 4012 castrato

392 4056 439 4113 die
469 4075 501 4113 se
530 4067 756 4131 expugnaturos.
810 4059 993 4135 Quingentos
1020 4076 1126 4135 passus,
1149 4078 1210 4116 non
1238 4059 1306 4134 plus
1338 4079 1357 4117 a
1386 4056 1451 4115 vallo

362 4164 521 4220 laberant.
565 4163 670 4236 ltaque
692 4164 831 4234 Flaccus,
860 4167 910 4222 ubi
931 4165 1003 4222 satis
1026 4165 1189 4220 abstractos
1204 4182 1265 4222 *eos
1289 4186 1308 4222 a
1330 4163 1451 4242 praesidio

393 4279 552 4326 castrorum
575 4286 693 4327 suorum
722 4278 803 4327 ratus
831 4279 890 4340 est,
921 4271 997 4327 intra
1021 4269 1129 4326 vallum
1158 4271 1292 4329 exercitu
1314 4273 1451 4336 instructo,
