3484 5025
586 504 663 555 mser
672 504 812 556 mvn.
842 505 886 569 (a.
901 503 961 556 cnr.
980 507 1049 572 mo.)
1264 514 1301 569 79

288 686 343 744 nti
350 690 642 764 proptergravitatem
651 699 879 764 tegumentorum
890 709 1093 766 armorumque
1100 692 1230 768 oppressi
1237 690 1342 771 [sunt].

287 785 394 851 Totum
405 795 511 853 deinde
520 795 624 852 levum
636 814 723 853 corun
735 796 884 853 inclinavit
895 806 932 865 et,
948 798 1070 853 turbatis
1084 799 1280 869 auxiliaribus,
1294 801 1343 874 qui
1357 798 1373 853 3

281 891 361 957 inter
369 901 491 974 equitem
504 908 533 957 et
544 919 618 975 quos
629 902 775 976 appellant
785 902 968 977 phalangitas
975 913 1066 972 erant,
1078 905 1211 978 usquead
1219 905 1343 963 mediam

280 1006 377 1064 teiam
393 1016 488 1064 terror
497 1008 637 1083 pervenit.
666 1008 726 1068 Ubi
742 1008 830 1066 semel
842 1008 1002 1083 perturbati
1015 1008 1129 1065 ordines
1146 1022 1175 1068 et
1189 1010 1343 1085 impeditus
1356 1013 1374 1065 4

275 1107 444 1170 intercursu
452 1130 569 1170 suorum
577 1132 646 1172 nsus
658 1114 868 1191 praelongarum
882 1115 1030 1171 hastarum
1042 1115 1160 1181 (sarisas
1168 1116 1343 1174 Macedones

276 1220 418 1290 vorant),
445 1219 568 1277 intulere
581 1220 666 1295 signa
680 1222 820 1279 Romanae
836 1220 964 1294 legiones
985 1229 1013 1276 et
1034 1220 1093 1295 pila
1114 1220 1143 1276 in
1160 1222 1343 1296 perturbatos

275 1324 441 1385 coniecere
484 1326 533 1383 Ne
553 1326 715 1402 interpositi
736 1326 851 1400 quidem
874 1325 1018 1401 elephanti
1039 1326 1156 1382 militem
1178 1327 1372 1382 Romanum5

275 1427 476 1501 &terrebant
500 1442 646 1489 assuetum
667 1433 725 1489 iam
748 1432 786 1488 ab
807 1429 917 1489 Africis
940 1430 1021 1487 bellis
1042 1440 1070 1487 et
1090 1431 1183 1489 vitare
1202 1431 1341 1507 impetum

275 1533 376 1594 baluz
408 1547 437 1593 et
462 1555 501 1593 ex
533 1548 700 1595 transverso
729 1547 779 1594 aut
809 1537 875 1612 pilis
899 1537 1042 1594 incessere
1072 1546 1139 1604 aut,
1167 1536 1191 1594 si
1223 1537 1341 1612 propius

275 1642 379 1700 u'bire
400 1652 514 1718 posset,
541 1643 639 1717 gladio
668 1661 773 1700 nervos
797 1643 934 1702 inuidere.
980 1641 1043 1698 Iam
1066 1642 1161 1699 media
1183 1643 1259 1699 ecies
1280 1641 1371 1702 iered

275 1748 377 1806 uuis
399 1768 418 1805 a
439 1747 537 1806 fronte
557 1758 705 1825 prostrata
726 1758 803 1818 erat,
829 1759 856 1805 et
879 1747 1008 1804 subsidia
1029 1748 1177 1805 circumita
1200 1749 1238 1805 ab
1259 1760 1341 1823 tergo

274 1853 481 1923 utebamur,
512 1873 600 1928 quum
623 1856 652 1911 in
674 1854 835 1930 partualis
856 1852 955 1928 fugam
978 1872 1096 1911 suorum
1118 1864 1147 1911 et
1168 1872 1259 1929 prope
1281 1855 1339 1913 iem

275 1959 320 2020 td
358 1959 424 2034 ipsu
459 1971 558 2017 castra
596 1960 751 2018 clamorem
790 1960 956 2036 paventium
996 1977 1142 2035 accepere.
1204 1961 1369 2035 Namque‘l

274 2065 444 2124 Antiochus
481 2085 500 2122 a
532 2066 635 2123 dextro
667 2084 771 2135 romu,
806 2085 895 2140 quom
916 2066 956 2123 ibi
981 2065 1086 2122 fiducia
1111 2066 1235 2122 fluminis
1261 2067 1340 2123 nulla

274 2170 411 2229 subsidia
441 2182 572 2229 cerneret
604 2182 708 2247 praeter
736 2182 873 2246 quattuor
905 2181 1016 2227 turmas
1046 2171 1187 2244 equitum,
1220 2182 1248 2229 et
1266 2191 1340 2242 eas,

275 2275 349 2336 'llum
380 2278 530 2353 applicant
562 2296 594 2335 se
620 2279 695 2346 suis,
726 2279 819 2353 ripam
847 2277 1005 2347 nudantes,
1040 2278 1177 2352 impetum
1213 2278 1242 2333 in
1274 2297 1337 2335 eam

275 2393 393 2460 ’artem
414 2403 479 2441 eum
503 2384 618 2441 auxiliis
640 2395 669 2440 et
687 2384 874 2458 cataphracto
896 2384 1025 2456 equitatu
1042 2382 1122 2451 leoit3
1144 2401 1197 2439 neo
1211 2401 1230 2438 a
1244 2383 1369 2441 fronte8

274 2487 388 2553 hatum
403 2490 540 2562 instabat,
561 2488 621 2559 sed,
643 2488 791 2547 enoumito
813 2508 831 2546 e
851 2489 967 2548 flumine
990 2508 1088 2560 cornu,
1109 2489 1167 2547 iam
1187 2490 1224 2547 ab
1246 2490 1336 2548 latere

274 2596 412 2671 ἡπρώτη,
442 2595 648 2670 donee.lugeti
668 2595 777 2670 equites
798 2596 937 2670 primum,
968 2596 1034 2653 dein
1059 2597 1184 2670 proximi
1207 2597 1334 2672 peditum

274 2696 369 2763 duso
398 2720 483 2759 eursu
515 2701 553 2757 ad
581 2711 678 2758 castra
706 2701 847 2776 compulsi
876 2713 952 2758 sunt.
1008 2704 1138 2759 Praeerat
1165 2703 1266 2760 eastris
1293 2705 1334 2765 M.
1388 2694 1428 2763 43

274 2806 414 2867 {Romilius
435 2807 729 2878 tribunusmilitum,
756 2807 798 2868 Μ.
817 2806 920 2882 Lepidi
941 2807 1031 2877 filius,
1061 2808 1111 2881 qui
1138 2820 1204 2884 post
1226 2829 1336 2885 peuoos

275 2922 369 2971 unos
390 2911 524 2989 pontifex
545 2914 689 2970 maximus
713 2911 808 2970 faetus
830 2924 882 2970 est.
936 2914 967 2971 Is
994 2933 1052 2987 qua
1077 2913 1176 2990 fugam
1201 2917 1364 2975 cernebat2

275 3030 410 3088 norum,
432 3037 497 3075 eum
519 3019 653 3093 praesidio
675 3019 753 3076 omni
772 3019 910 3089 occurrit,
942 3030 971 3074 et
997 3028 1074 3076 stare
1095 3020 1203 3094 primo,
1233 3023 1336 3081 deinde

275 3123 369 3185 radus
383 3123 413 3181 in
424 3142 552 3200 pugnam
567 3124 696 3195 iubebat,
718 3143 856 3200 pavorem
878 3134 906 3180 et
923 3134 1034 3199 turpem
1054 3123 1152 3200 fugam
1169 3127 1334 3203 increpans3

278 3229 360 3288 nium
382 3231 487 3288 exinde
508 3240 605 3298 erant,
629 3230 660 3287 in
682 3248 764 3286 suam
786 3228 941 3304 perniciem
963 3248 1054 3287 oreeos
1075 3250 1176 3299 ruere,
1206 3233 1235 3289 ni
1258 3233 1365 3290 dictos

275 3346 423 3413 parerent3
460 3343 607 3411 postremo
637 3335 688 3392 dat
713 3336 772 3392 suis
799 3336 928 3410 signum,
963 3345 994 3392 ut
1027 3336 1137 3411 primos
1164 3335 1335 3411 fugientium

275 3438 403 3512 hadent,
437 3443 553 3499 turbem
582 3441 791 3516 insequentium
818 3441 897 3498 ferro
924 3449 953 3497 et
979 3442 1145 3499 vulneribus
1171 3443 1200 3500 in
1221 3445 1333 3503 hostem

275 3547 416 3623 redigent.
474 3547 533 3605 Hie
565 3547 657 3604 maior
688 3548 775 3604 timor
806 3546 945 3604 minorem
977 3547 1060 3616 vioit;
1094 3547 1211 3622 ancipiti
1242 3551 1362 3608 coeetil

278 3663 352 3712 netu
374 3654 469 3729 primo
490 3654 691 3721 constit-eruum
715 3653 817 3710 deinde
832 3662 860 3709 et
876 3652 931 3726 ipsi
945 3653 1090 3710 redieruut
1104 3653 1133 3709 in
1148 3673 1285 3730 pugnam,
1307 3665 1336 3713 et

280 3758 412 3817 AEmilius
441 3778 507 3816 oum
538 3778 591 3816 suo
617 3758 752 3834 praesidio
783 3761 878 3832 (erent
899 3767 994 3815 autem
1016 3758 1073 3816 duo
1095 3760 1185 3817 millia
1206 3762 1333 3819 virorum

281 3860 404 3938 bulum)
421 3863 512 3923 effuse
524 3863 656 3939 sequenti
669 3864 731 3939 regi
741 3865 845 3921 aeriter
856 3864 967 3924 restitit.
1004 3865 1044 3922 Et
1057 3865 1184 3936 Attalus,
1196 3866 1334 3924 Eumenis
1347 3868 1364 3920 5

276 3963 382 4040 mator,
409 3972 447 4028 ab
477 3970 581 4027 dextro
609 3988 715 4040 cornu,
746 3989 804 4044 quo
830 3971 934 4028 laevum
957 3972 1082 4028 hostium
1109 3972 1204 4047 primo
1225 3974 1333 4048 impeto

287 4067 406 4149 iugatum
433 4076 544 4146 fueret,
581 4084 613 4132 ut
640 4075 678 4131 ab
704 4075 819 4133 sinistro
848 4075 947 4151 fugam
979 4097 1095 4135 suorum
1123 4087 1152 4135 et
1180 4079 1331 4136 tumultum

287 4174 353 4239 fl‘sea
378 4190 476 4239 cestra
496 4180 578 4249 vidit,
603 4179 633 4236 in
655 4189 783 4255 tempore
805 4200 868 4237 eum
891 4183 1020 4240 docentis
1041 4184 1184 4258 equitibus
1206 4183 1331 4242 advenit.

288 4278 437 4345 Andoohus
469 4295 625 4362 postquem
657 4295 686 4342 et
716 4304 784 4356 eos,
823 4305 945 4360 quorum
982 4298 1065 4364 terga
1096 4290 1182 4347 modo
1211 4290 1364 4362 viderntd
