3484 5025
473 506 528 563 l08
732 506 808 553 Liber
817 504 973 554 XXXVIII.
994 504 1039 567 (A.
1050 520 1075 553 u.
1088 520 1109 554 o.
1121 506 1196 567 565.)

427 684 624 761 oonsulibus¹)
641 701 744 763 postve
761 707 811 745 eos
823 688 955 745 consules
973 697 1024 745 aut
1041 688 1128 744 armis
1145 687 1259 744 subacti
1280 697 1328 743 aut
1344 687 1461 743 voluntate

427 796 456 851 in
479 795 619 851 dicionem
643 793 742 867 populi
765 795 890 849 Romani
916 806 1070 862 venerunt,
1098 812 1135 849 ne
1163 812 1250 865 quem
1279 811 1371 848 eorum
1389 790 1462 848 AEtoli

428 900 571 974 recepisse
603 898 700 954 velint.
760 898 896 954 OEniadae
930 918 993 956 cum
1028 900 1098 955 urbe
1132 898 1270 972 agrisque
1303 902 1462 955 Acarnanum

428 1012 541 1060 suut0.“
592 1005 647 1060 His
670 1004 781 1078 legibus
803 1004 898 1060 foedus
922 1005 1009 1060 ictum
1033 1023 1097 1059 cum
1120 1004 1233 1060 AEtolis
1260 1013 1313 1059 est.
1496 996 1499 1114 q

511 1109 623 1165 Eadem
646 1128 703 1165 non
726 1120 825 1165 aestate
848 1110 953 1177 solum,
974 1111 1024 1165 sed
1045 1110 1131 1165 etiam
1148 1109 1251 1165 iisdem
1269 1127 1359 1183 prope
1380 1106 1465 1186 diebus,

428 1214 531 1287 quibus
554 1215 614 1269 haec
637 1235 654 1269 a
678 1216 718 1272 M.
742 1214 845 1270 Fulvio
868 1216 1035 1270 consulein
1050 1214 1166 1271 AEtolia
1187 1223 1274 1289 gesta
1297 1225 1369 1280 suut,
1390 1210 1466 1268 consul

428 1320 501 1375 alter
530 1318 582 1375 Cn.
607 1320 733 1374 Manlius
763 1320 791 1373 in
821 1318 1016 1394 Gallograecia
1041 1317 1147 1375 bellum
1177 1319 1283 1393 gessit,
1317 1318 1390 1392 quod
1412 1333 1466 1372 nuuc

397 1424 413 1477 2
428 1425 515 1480 ordiri
532 1442 661 1498 pergam.
708 1423 785 1478 Vere
800 1423 894 1496 primo
911 1424 1057 1497 Ephesum
1074 1424 1174 1480 consul
1198 1425 1289 1492 venit,
1312 1422 1467 1496 acceptisque

427 1530 518 1603 copiis
555 1530 592 1583 ab
626 1530 659 1586 L.
683 1527 819 1601 Scipione
850 1539 878 1582 et
911 1529 1037 1584 exercitu
1070 1527 1195 1585 lustrato
1224 1529 1386 1585 contionem
1410 1525 1465 1600 apud

396 1634 531 1689 3milites
565 1631 682 1699 habuit,
715 1650 791 1704 qua,
826 1632 993 1697 collaudata
1025 1634 1130 1689 virtute
1164 1652 1284 1703 eorum,
1317 1633 1392 1707 quod
1420 1648 1465 1687 cun

426 1739 574 1795 Antiocho
597 1756 654 1793 uno
677 1737 779 1810 proelio
802 1736 1012 1807 debellassent,
1041 1740 1213 1795 adhortatus
1241 1758 1293 1795 eos
1320 1739 1360 1795 ad
1383 1753 1464 1793 novum

427 1863 490 1902 eum
525 1844 620 1902 Gallis
655 1843 867 1916 suscipiendum
903 1832 1028 1913 bellum,
1060 1847 1107 1918 qui
1141 1860 1170 1900 et
1204 1845 1323 1901 auxiliis
1353 1843 1464 1899 iuvissent

396 1949 603 2006 4Antiochum
628 1959 666 2014 et¹
678 1949 751 2003 adeo
773 1948 914 2004 indomita
936 1951 1082 2006 hebereos
1096 1951 1227 2024 ingenia,
1252 1960 1285 2007 ut
1300 1950 1462 2023 nequicquam

427 2055 590 2111 Antiochus
613 2066 724 2110 emotus
747 2054 822 2109 ultra
843 2055 912 2128 iuga
934 2056 1025 2111 'sauri
1049 2057 1153 2111 montis
1176 2068 1272 2125 esset,
1300 2054 1353 2110 nisi
1374 2053 1462 2125 frange·

426 2175 525 2216 rentur
553 2178 623 2234 opes
653 2158 823 2226 Gallorum,
851 2161 887 2215 de
914 2178 944 2215 se
974 2180 1090 2234 quoque
1111 2178 1223 2234 pauca,
1253 2178 1307 2216 nee
1334 2158 1405 2215 falsa
1426 2170 1462 2211 uec

396 2265 591 2331 bimutodica,
614 2263 727 2319 adiecit.
798 2265 869 2320 Laeti
892 2265 995 2321 milites
1018 2285 1081 2321 cum
1107 2266 1252 2338 frequenti
1276 2283 1392 2321 assensu
1413 2280 1459 2319 cou-

426 2370 515 2426 sulem
540 2369 724 2438 audiverunt,
755 2381 877 2443 partem.
898 2370 1000 2425 virium
1024 2370 1162 2426 Antiochi
1190 2370 1282 2427 fuisse
1304 2370 1401 2428 Gallos
1418 2384 1460 2423 cre·

424 2477 539 2543 dentes3
572 2492 640 2548 rege
673 2487 825 2549 superate,
859 2476 966 2532 nullum
1002 2467 1176 2532 momentum
1211 2477 1240 2532 in
1273 2476 1342 2534 solis
1376 2494 1418 2550 per
1439 2488 1459 2528 se

394 2582 577 2639 6Gallorum
617 2581 707 2654 copiis
746 2580 819 2638 fore.
869 2583 1017 2638 Eumenen
1051 2582 1128 2637 haud
1161 2582 1189 2637 in
1224 2593 1355 2656 tempore
1384 2582 1459 2637 abesse

425 2689 539 2757 (Romae
564 2699 623 2742 tum
650 2689 723 2760 erat)
753 2687 869 2743 eredere
888 2689 1002 2754 consul,
1026 2706 1147 2761 gnarum
1172 2688 1303 2743 locorum
1326 2688 1457 2744 hominum·

395 2795 480 2865 lque
502 2803 530 2847 et
551 2794 631 2848 cuius
653 2795 803 2849 interesset
824 2793 919 2866 frangi
942 2792 1094 2849 Gallorum
1118 2811 1197 2866 opes.
1249 2793 1378 2850 Attalum
1398 2791 1458 2865 igitar

424 2897 542 2952 fratrem
567 2898 627 2953 eius
649 2899 770 2954 accersit
791 2918 809 2970 a
829 2900 984 2971 Pergamo,
1007 2898 1196 2970 hortatusque
1220 2899 1258 2953 ad
1282 2896 1457 2972 capessendum

425 3021 520 3057 secum
547 3003 668 3072 bellum,
701 3003 880 3077 pollicentem
910 3022 991 3057 stram
1021 3022 1197 3076 suorumque
1222 3023 1342 3077 operam
1370 3003 1458 3058 doulon

395 3108 411 3163 8
426 3108 461 3161 ad
478 3108 704 3181 comparandum
718 3108 842 3163 dimittit.
881 3110 995 3164 Paucos
1012 3119 1078 3182 post
1093 3108 1153 3163 dies
1169 3106 1303 3181 profecto
1321 3111 1362 3165 ab
1370 3107 1458 3181 Epheso

425 3213 534 3267 consuli
563 3214 599 3268 ad
631 3213 812 3286 Magnesiam
841 3213 966 3268 occurrit
996 3214 1113 3268 Attalus
1145 3232 1209 3268 oum
1239 3213 1317 3269 mille
1345 3211 1458 3288 peditibus

426 3320 627 3391 equitibusque
656 3319 835 3392 quingentis,
874 3319 1016 3373 Athenaeo
1054 3317 1143 3373 fratre
1172 3318 1252 3373 iusso
1292 3337 1356 3374 oum
1385 3313 1459 3373 ceteris

427 3425 517 3496 copiis
538 3425 684 3496 subsequi,
707 3423 910 3479 eortuuendata
935 3423 969 3478 iis
992 3423 1123 3477 custodia
1138 3424 1290 3496 Pergami,
1313 3441 1383 3498 quos
1402 3415 1459 3478 fratri

394 3530 572 3602 9rcgnoque
603 3531 677 3586 fidos
711 3530 853 3585 credebat.
909 3527 1033 3597 Consul,
1067 3526 1233 3583 collaudato
1269 3530 1385 3599 iuvene,
1416 3541 1459 3582 cnut

375 3639 379 3643 '
426 3635 558 3688 omnihus
586 3635 676 3708 copiis
705 3635 743 3690 ad
765 3633 944 3689 Maeandrum
968 3651 1138 3707 progressus
1161 3644 1260 3690 castra
1282 3636 1391 3709 posuit,
1413 3628 1459 3705 quit

424 3738 501 3792 vado
521 3741 650 3812 superari
676 3741 767 3795 amnis
791 3759 846 3793 non
879 3751 993 3813 poterat
1018 3751 1045 3795 et
1068 3740 1274 3796 contrahendae
1296 3759 1384 3798 naves
1403 3741 1460 3794 erant

379 3843 461 3901 teau
477 3845 632 3899 exercitum
656 3845 862 3904 traiicieudtun.
897 3845 1086 3918 Transgressi
1098 3846 1281 3902 Maeandrum
1300 3845 1458 3921 pervenerunt

333 3943 371 4011 13
425 3949 461 4002 ad
493 3949 602 4004 Hieran
626 3947 744 4005 Comen.
797 3951 910 4005 Fanum
940 3950 980 4005 ibi
1010 3961 1164 4024 augustum
1194 3952 1342 4025 Apollinis
1368 3962 1395 4006 et
1413 3962 1457 4001 ou·

426 4053 535 4121 eulum;
566 4065 659 4109 sortes
686 4054 819 4110 versibus
850 4057 926 4111 haud
957 4055 1109 4110 inconditis
1142 4056 1212 4112 dare
1242 4070 1326 4114 vates
1347 4058 1456 4112 dicuutur.

394 4161 501 4216 2Hino
525 4160 622 4215 alteris
645 4161 746 4216 castris
775 4162 812 4216 ad
835 4162 1002 4234 Harpasum
1025 4161 1130 4216 flumen
1153 4175 1323 4234 perventum
1347 4173 1397 4229 est3
1417 4170 1455 4230 (1¹1⁰

442 4325 467 4390 ¹)
497 4330 545 4382 Cn.
566 4329 705 4377 Domitium
725 4342 781 4376 eum
801 4329 832 4378 Τ.
854 4327 973 4387 Quinctio
992 4342 1061 4378 cons.
1079 4328 1168 4377 Livius
1189 4343 1275 4379 errore
1294 4327 1416 4379 coniunxit
