3484 5025
542 483 623 534 Liber
639 481 768 535 xxm.
805 481 853 546 (A.
871 478 934 532 chr.
956 482 1028 543 lar.)
1218 485 1268 540 161

262 649 362 722 ecesse
406 673 494 723 esset.
558 665 656 739 Quum
695 665 846 741 pontifices
885 674 1040 740 negassent
1078 667 1115 722 ad
1146 665 1314 739 religionem

262 768 404 841 utiuere,
443 780 554 845 quauta
586 772 719 848 impensa
751 770 779 826 in
808 771 894 828 ludos
923 771 1018 840 fieret,
1050 779 1167 827 senatus
1200 770 1316 841 Fulvio,
1333 773 1366 826 10

262 884 385 932 tantum
416 876 607 952 impenderet,
639 877 785 952 permisit,
820 876 890 934 ‹lum
924 894 959 931 ne
988 893 1130 932 strumam
1167 877 1317 950 octoginta

262 978 364 1056 illium
385 982 550 1039 excederet.
588 982 785 1057 Triumphare
807 999 906 1039 mense
926 982 1065 1038 Ianuario
1087 989 1244 1049 statueratt
1264 981 1315 1037 sed
1332 983 1363 1036 ll

262 1100 329 1140 tum
358 1086 505 1154 audisset,
529 1086 677 1144 consulem
698 1087 739 1144 Μ.
762 1086 926 1155 AEmilium,
947 1086 1049 1142 litteris
1072 1087 1114 1143 Μ.
1137 1086 1243 1141 Aburii
1265 1086 1315 1143 tri·

262 1188 308 1244 ini
339 1189 438 1265 plebis
467 1190 596 1266 acceptis
624 1193 661 1250 de
689 1191 810 1249 remissa
837 1190 1056 1260 intercessione,
1083 1191 1176 1265 ipsum
1200 1192 1238 1247 ad
1259 1193 1315 1248 im·
1332 1192 1367 1246 12

262 1293 420 1359 adiendum
450 1296 630 1371 triumphum
652 1298 777 1355 Romam
805 1295 967 1352 venientem
994 1313 1102 1369 agrum
1125 1294 1154 1351 in
1177 1295 1225 1352 via
1247 1298 1325 1374 sub·-

262 1397 359 1469 itisse,
381 1420 420 1458 ne
434 1400 500 1476 plus
515 1402 546 1458 in
560 1402 707 1477 triumpho
723 1402 911 1459 certaminum
928 1417 1014 1473 quam
1037 1400 1066 1455 in
1088 1400 1164 1457 bello
1186 1402 1315 1471 haberet,
1414 1425 1417 1435 ·

262 1505 369 1562 :tetulit
392 1479 535 1581 triumphi
557 1507 642 1566 diem.
686 1506 893 1581 Triumphauit
915 1515 982 1561 aute
1003 1504 1078 1561 diem
1102 1505 1243 1563 decimum
1267 1526 1314 1563 ca·
1332 1500 1366 1555 13

263 1611 344 1668 udas
367 1612 526 1669 Ianuariae
547 1612 585 1669 de
599 1611 763 1680 AEtolimet
784 1611 820 1666 de
839 1608 1034 1685 Cephallenia.
1072 1614 1178 1668 Aureae
1200 1631 1315 1669 coronae
1332 1609 1366 1662 14

262 1724 357 1776 tntum
381 1716 536 1774 duodecim
559 1717 658 1792 pondo
681 1726 749 1772 aute
770 1734 885 1773 currum
900 1715 967 1771 latae
982 1725 1061 1783 sunt;
1083 1716 1314 1792 argentipondo

262 1819 332 1878 tillia
361 1822 514 1897 octoginta
540 1820 613 1892 tria,
644 1821 708 1880 auri
737 1821 834 1895 pondo
867 1819 991 1877 ducenta
1024 1821 1217 1895 quadraginta
1250 1824 1316 1892 tria,

262 1927 406 1984 atrachma
431 1928 534 1985 Attica
565 1936 679 1984 centum
710 1925 871 1983 octodecim
901 1924 1005 1993 millia,
1034 1926 1179 2000 Philippei
1206 1927 1316 1983 nummi
1333 1929 1367 1982 15

262 2031 396 2089 uodecim
424 2032 518 2089 millia
541 2032 663 2094 trecenti
683 2031 786 2105 viginti
809 2030 882 2099 duo,
911 2030 994 2104 signa
1019 2049 1111 2112 aenea
1132 2031 1316 2106 septingenta

262 2137 393 2215 »etogiuta
416 2138 561 2213 quinque,
596 2138 680 2211 signa
709 2153 875 2192 marmorea
903 2134 1027 2190 ducenta
1053 2134 1189 2210 triginta,
1224 2156 1315 2205 arma,

263 2239 310 2310 ela,
332 2254 431 2300 cetera
447 2241 543 2317 spolia
558 2242 697 2309 hostium,
720 2259 841 2315 maguus
856 2257 1001 2306 numerus,
1022 2239 1130 2296 adhoc
1152 2242 1315 2316 catapultae,
1333 2242 1367 2297 te

262 2346 374 2419 tellistae,
397 2357 548 2406 tormenta
573 2346 667 2408 omnis
688 2346 816 2421 generis3
842 2346 929 2401 duces
951 2354 1001 2400 aut
1022 2343 1117 2400 AEtoli
1140 2353 1168 2400 et
1190 2343 1315 2423 Cephal-

263 2445 321 2508 eues
351 2461 404 2509 aut
437 2452 511 2528 regii
545 2453 583 2509 ab
606 2450 755 2508 Antiocho
788 2449 828 2506 ibi
859 2449 952 2506 relicti
986 2449 1023 2505 ad
1059 2447 1161 2523 viginti
1193 2442 1313 2527 septem.

262 2552 350 2615 llultos
385 2577 422 2615 eo
456 2559 520 2627 die,
555 2558 724 2633 priusquam
742 2556 784 2612 ¹iu
816 2557 916 2613 urbem
946 2555 1144 2625 inveheretur,
1177 2556 1207 2612 in
1237 2558 1365 2616 circuli

262 2654 387 2721 llamiuio
416 2663 567 2732 tribunos,
595 2661 763 2738 praefectos,
787 2662 913 2734 equites,
942 2659 1139 2731 centurioneS,
1164 2663 1315 2720 Romanos

262 2766 405 2843 ociusque,
427 2768 514 2824 donis
537 2766 710 2824 militaribus
733 2760 863 2825 donavit.
911 2765 1053 2822 Militibus
1082 2785 1119 2822 ex
1146 2768 1245 2842 praeda
1271 2769 1315 2827 vi·

263 2883 326 2931 mos
348 2875 458 2949 quinos
481 2872 618 2929 denarios
640 2870 746 2940 divisit,
769 2871 877 2945 duplex
898 2872 1067 2942 centurioni,
1089 2873 1195 2948 triplex
1216 2874 1314 2949 equiti.

270 2978 272 2983 ’
322 2979 387 3035 Iam
418 2977 617 3036 consularium
648 2975 830 3032 comitiorum
861 2977 1018 3050 appetebat
1049 2986 1177 3053 tempus3
1210 2981 1315 3054 quibus
1391 2971 1410 3040 6

262 3079 309 3138 uia
336 3085 381 3140 Μ.
404 3082 564 3150 AEmilius,
595 3080 677 3138 cuius
701 3079 788 3136 sortis
815 3097 850 3135 ea
880 3097 950 3134 eura
979 3090 1051 3148 erat,
1080 3100 1232 3140 occurrere
1256 3105 1315 3143 non

262 3188 348 3260 uruit,
380 3186 417 3250 C.
440 3186 606 3245 Flaminius
635 3188 761 3245 Romam
790 3183 879 3241 veuit.
927 3183 977 3239 Ab
1007 3202 1042 3240 eo
1070 3189 1160 3244 creati
1182 3190 1346 3248 consules2

262 3293 489 3361 p.'Postumius
510 3292 648 3360 Albinus,
671 3289 707 3362 Q.
730 3288 859 3346 Marcius
881 3288 1044 3363 Philippus.
1081 3267 1226 3349 Praetores
1247 3294 1316 3352 inde

262 3401 308 3473 pti
331 3401 369 3459 T.
392 3397 537 3468 Maenius,
559 3397 597 3453 P.
620 3394 773 3452 Cornelius
796 3392 887 3461 Sulla,
910 3391 943 3449 C.
965 3391 1140 3469 Calpurnius
1163 3397 1250 3468 Piso,
1272 3399 1315 3455 M.

262 3494 369 3562 lciuius
394 3502 547 3570 Lucullus,
570 3498 602 3558 C.
618 3499 756 3557 Aurelius
772 3497 910 3565 Scaurus,
934 3497 966 3553 1..
983 3497 1134 3570 Quinctius
1154 3476 1315 3577 Crispinus,

297 3657 299 3661 ,
320 3609 471 3667 Extremo
488 3605 567 3674 anni,
589 3603 806 3678 magistratibus
820 3602 878 3658 iam
895 3603 1009 3671 creatis,
1025 3606 1181 3663 antediem
1198 3609 1313 3667 tertium
1329 3615 1347 3670 3

262 3725 330 3773 tuas
359 3713 489 3771 Martias
511 3710 567 3768 Cu'.
590 3709 718 3766 Manlius
739 3707 832 3764 Vulso
861 3707 897 3787 de
924 3706 1032 3777 Gallis,
1065 3711 1115 3782 qui
1139 3713 1243 3771 Asiam
1271 3716 1326 3773 in·-

262 3817 352 3889 ·lunt,
376 3813 584 3891 triumphavit.
633 3813 732 3871 Serius
754 3813 781 3869 ei
802 3812 999 3885 triumphandi
1021 3830 1111 3871 causa
1132 3815 1196 3887 fuit,
1219 3839 1255 3876 ne
1278 3822 1345 3895 (Μ

262 3925 379 3985 mentio
404 3921 549 3980 Culleone
575 3926 699 3993 praetore
728 3935 846 3973 causam
875 3916 939 3990 lege
962 3917 1069 3974 Petilia
1091 3919 1198 3978 diceret
1220 3935 1249 3980 et
1271 3928 1315 3983 in·

263 4031 340 4089 ndio
363 4026 456 4086 alieni
478 4023 588 4092 iudicii,
610 4040 668 4096 quo
682 4023 715 4080 L.
731 4022 829 4097 Scipio
847 4022 1001 4077 damnatus
1016 4033 1088 4093 erat,
1111 4029 1316 4104 conflagraret,

262 4159 265 4179 ·
289 4131 508 4194 infensioribus
530 4129 561 4185 in
585 4145 617 4183 se
639 4120 727 4200 quam
749 4127 778 4182 in
801 4126 881 4183 illum
903 4127 1054 4193 iudicibus,
1084 4129 1163 4201 quod
1186 4133 1347 4211 discipli-5

262 4260 301 4301 un
326 4240 503 4304 militarem,
519 4251 626 4290 'severe
649 4232 686 4289 ab
709 4249 744 4288 eo
766 4240 977 4309 conservatam,
999 4248 1196 4294 successorem
1218 4239 1316 4315 ipsum

262 4354 324 4394 driu·
340 4364 367 4391 ex
380 4361 424 4390 ree·
439 4346 538 4394 ledrtgti
555 4343 589 4382 Vl·
649 4402 653 4408 Ι
1083 4338 1110 4382 ll
