3484 5025
566 523 959 588 Liberxxxt⁷11ttachn
983 526 1053 588 rso.)
1222 528 1295 602 ¹125
1327 543 1330 550 ¹

274 711 362 768 cisset
383 712 414 769 in
436 684 672 790 Cephalleniam,
698 712 775 769 circa
796 711 928 769 civitates
957 710 1057 768 insule
1078 710 1155 768 misit
1185 722 1337 787 perconta-

274 825 355 885 tum,
389 828 486 874 utrum
519 836 552 875 se
578 818 683 875 dedere
708 818 850 876 Romanis
877 835 914 873 an
944 816 1012 873 belli
1041 816 1187 874 fortunam
1213 818 1337 892 experiri

274 922 409 979 mellent.
456 924 553 980 Metus
575 924 613 980 ad
636 942 736 981 omnes
766 923 873 992 valuit,
900 942 936 980 ne
965 924 1138 980 deditionem
1161 926 1368 980 recusarentd

274 1025 404 1086 Obsides
425 1029 492 1085 inde
514 1029 671 1105 imperatos
692 1048 746 1105 pro
768 1029 879 1086 viribus
899 1029 1000 1105 inopes
1019 1030 1128 1105 populi,
1152 1029 1338 1103 quodraginta

274 1132 437 1203 Pronum,
458 1136 575 1193 vicenos
606 1144 702 1221 eutem
725 1134 824 1194 Cranii
855 1145 884 1192 et
912 1135 1051 1191 Palenses
1074 1145 1103 1191 et
1124 1134 1229 1194 semei
1251 1135 1337 1192 dede·

274 1250 350 1298 runt.
401 1241 556 1316 Insperata
570 1262 630 1318 pax
641 1241 836 1319 Cephallenia
856 1239 1015 1307 affulserat,
1039 1258 1126 1314 quum
1140 1251 1257 1315 repente
1280 1246 1365 1298 uual

274 1325 390 1415 civitas,
411 1346 551 1405 incertum
574 1367 661 1423 qnam
684 1349 722 1406 ob
744 1365 872 1415 causam,
895 1347 1000 1405 Samaei
1022 1347 1211 1403 desciverunt.
1258 1346 1365 1418 Quiass

274 1461 443 1523 opportuno
465 1453 531 1510 loco
552 1454 621 1510 urbs
643 1454 740 1529 posita
761 1466 846 1522 esset,
867 1452 996 1509 timuisse
1017 1470 1049 1508 se
1071 1452 1203 1520 aiebant,
1224 1471 1261 1507 ne
1285 1452 1333 1508 de-

276 1555 404 1630 migrare
436 1570 607 1634 cogerentur
635 1562 673 1617 ab
696 1560 851 1628 Romanis;
883 1569 1026 1628 ceterum,
1056 1558 1150 1633 ipsine
1182 1559 1237 1615 sibi
1269 1577 1335 1615 eum

277 1661 412 1720 finxerint
434 1676 546 1752 metum
565 1674 594 1721 et
616 1666 721 1723 timore
747 1684 824 1723 vano
854 1665 978 1740 quietem
1000 1665 1146 1733 exuerint,
1169 1684 1206 1721 an
1228 1665 1336 1721 iactata

280 1769 459 1826 sermonibus
480 1790 528 1827 res
550 1773 629 1847 apud
650 1774 800 1830 Romanos
821 1771 934 1846 perlata
956 1770 994 1827 ad
1015 1789 1067 1827 eos
1091 1771 1138 1841 sit,
1165 1762 1235 1827 nihil
1257 1789 1335 1827 com·

281 1873 351 1947 perti
373 1886 433 1945 eet,
462 1877 518 1934 nisi
549 1878 627 1957 quod
650 1879 726 1935 datis
748 1878 806 1934 iem
829 1876 978 1934 obsidibus
998 1885 1115 1950 repente
1136 1887 1235 1951 portas
1257 1877 1367 1943 clau-9

285 1990 376 2037 serum
397 1992 426 2038 et
447 2001 484 2039 ne
505 2002 622 2041 suorum
645 1985 761 2059 quidem
781 1984 915 2058 precibus
937 1981 1067 2054 (miserat
1083 1981 1157 2038 enim
1169 1963 1223 2039 sub
1239 2002 1336 2039 muros

287 2087 379 2143 consul
400 2088 439 2145 ad
461 2090 628 2147 tentandam
651 2090 876 2148 misericordiam
898 2088 1059 2164 parentium
1083 2088 1335 2163 populariumque)

289 2188 416 2250 desistere
455 2195 493 2251 ab
526 2195 641 2271 incepto
677 2196 839 2256 voluerunt.
893 2193 1068 2269 Oppugnari
1105 2194 1224 2263 deinde,
1256 2208 1335 2270 post·
1352 2208 1387 2261 10

291 2311 365 2369 mam
388 2299 460 2357 nihil
481 2301 579 2376 pacati
600 2303 840 2378 respondebatur,
861 2312 957 2375 coepta
970 2301 1039 2356 urbs
1053 2308 1104 2355 est.
1148 2301 1335 2375 Apparatum

290 2415 392 2461 amnem
414 2415 624 2464 tormentorum
648 2407 907 2481 machinarumque
928 2415 1087 2462 travectum
1110 2406 1148 2461 ab
1171 2405 1336 2461 Ambracia

287 2512 498 2586 qtpugnatione
519 2514 662 2584 habebat,
684 2525 712 2572 et
734 2533 825 2590 opera
845 2532 910 2589 quae
931 2509 1066 2570 facienda
1086 2522 1184 2581 erant,
1210 2483 1335 2587 impigre
1351 2522 1384 2577 11
1472 2528 1475 2541 ·

285 2615 385 2674 milites
406 2617 600 2694 perfecerunt.
647 2619 773 2677 Duobus
800 2619 890 2694 igitur
910 2617 983 2675 locis
1005 2618 1114 2675 admoti
1137 2618 1240 2675 arietes
1262 2638 1334 2692 qua·

280 2714 386 2780 fiebant
414 2741 522 2781 muros.
576 2724 642 2780 Nec
670 2726 708 2782 ab
731 2725 851 2784 Samaeis
881 2724 1051 2799 quicquam,
1084 2742 1142 2798 quo
1169 2734 1220 2781 aut
1247 2743 1337 2799 opera
1388 2723 1429 2794 29

277 2836 328 2886 aut
351 2830 444 2887 hostis
467 2830 560 2886 arceri
586 2842 701 2905 posset,
729 2831 950 2906 pretermissum
979 2839 1031 2889 est.
1087 2831 1211 2888 Duabus
1240 2839 1365 2915 tamen2

275 2936 404 2993 maxime
428 2937 603 2994 resistebant
624 2937 726 3007 rebus,
748 2956 815 3006 una,
837 2936 1001 2993 interiorem
1024 2954 1139 3010 semper
1159 2937 1241 2993 iuxta
1262 2936 1337 2993 vali-

274 3030 343 3098 dum
366 3061 421 3117 pro
445 3042 542 3100 diruto
571 3062 679 3100 novum
706 3044 887 3101 obstruentes
909 3061 1036 3110 murum,
1058 3041 1337 3140 alteraueruptioni·

274 3134 330 3204 llus
352 3147 456 3204 subitis
479 3148 606 3204 nuncin
629 3149 876 3223 operahostium,
897 3149 1024 3205 nuncin
1045 3149 1196 3217 stationes;
1223 3161 1251 3206 et
1273 3149 1336 3224 ple-

274 3260 399 3328 Pumque
420 3253 466 3310 his
490 3253 599 3328 proeliis
621 3254 785 3330 superiores
807 3264 899 3310 erant.
946 3254 1016 3312 Una
1037 3254 1075 3310 ad
1096 3255 1271 3310 coercendos
1288 3255 1366 3318 in-3

274 3338 365 3416 tenta
385 3359 465 3416 haud
493 3377 602 3434 magna
628 3369 790 3416 memoratu
810 3376 858 3416 res
881 3342 947 3416 esc*
975 3357 1096 3417 Centum
1116 3359 1277 3418 funditores
1299 3363 1336 3419 ab

274 3456 368 3542 AEgio
392 3476 422 3522 et
443 3463 543 3523 Patris
567 3475 596 3522 et
617 3465 723 3540 Dymis
745 3465 838 3523 acciti.
875 3468 904 3522 A
924 3465 1021 3540 pueris
1041 3466 1081 3542 hi,
1104 3484 1184 3521 more
1208 3467 1366 3539 quodamr

274 3572 386 3642 renus,
419 3572 499 3629 saxis
532 3570 676 3645 globosis,
710 3572 814 3646 quibus
843 3569 935 3627 ferme
962 3588 1058 3627 arenae
1082 3571 1221 3627 immixtis
1245 3581 1338 3629 strata

274 3669 362 3736 ltora
394 3687 475 3749 sunt,
507 3676 601 3734 lunda
633 3695 716 3733 mare
744 3685 877 3751 apertum
905 3675 1080 3733 incessentes
1114 3678 1335 3747 exercebantur3

275 3786 379 3859 laque
395 3784 510 3859 longius
532 3783 695 3857 certiusque
716 3791 745 3838 et
765 3780 907 3837 validiore
935 3782 992 3838 ictu
1015 3801 1102 3855 quam
1124 3784 1250 3842 Baliaris
1271 3783 1367 3846 fun-5

274 3878 398 3949 litoreo
410 3889 468 3946 telo
491 3889 538 3946 usi
557 3899 634 3945 sunt.
667 3888 707 3945 Et
724 3896 768 3944 est
784 3905 843 3943 non
862 3886 999 3960 simplicis
1015 3887 1145 3960 habenae,
1169 3900 1200 3947 ut
1213 3891 1368 3948 Baliari-6

274 4000 310 4052 ’a
325 3995 509 4070 aliarumque
527 3994 656 4070 gentium
670 3992 769 4062 lunda,
787 3993 839 4048 sed
853 3992 958 4067 triplex
970 3994 1088 4064 scutale,
1108 3996 1215 4052 crebris
1231 3997 1337 4053 suturis

274 4089 421 4170 iuratum,
443 4120 480 4157 ne
500 4102 582 4158 fluxa
602 4101 718 4157 habena
739 4097 885 4154 volutetur
896 4098 924 4154 in
936 4098 1012 4156 iectu
1034 4100 1127 4174 glans,
1149 4101 1210 4171 sed,
1231 4101 1337 4158 librata

274 4206 510 4278 ruumosederit,
537 4207 618 4264 velut
640 4222 731 4262 nervo
753 4203 843 4260 missa
861 4205 1031 4263 excutietur.
1079 4204 1211 4263 Coronas
1234 4207 1366 4264 modicil

274 4306 372 4373 urenti
395 4331 505 4389 magno
527 4331 565 4370 ex
585 4310 739 4369 intervallo
768 4310 825 4367 loci
846 4311 954 4367 assueti
976 4312 1123 4383 traiicere,
1154 4332 1212 4369 non
1239 4313 1336 4388 capita
1441 4290 1443 4295 ,
