3484 5025
556 505 635 554 Liber
652 504 794 557 XXXVII.
831 505 878 569 (Δ.
898 502 959 557 chr.
981 504 1054 567 189.)
1258 506 1294 561 97

274 694 337 740 rost
356 686 534 761 triumphum
557 689 671 758 datum;
692 690 794 764 proelio
814 690 842 745 in
860 689 934 746 Asia
951 687 1029 745 facto
1045 684 1186 761 duplex¹)
1210 686 1339 743 dederat.
1378 703 1385 723 t

274 789 477 866 Priumphavit
500 811 577 849 anno
599 791 661 849 fere
682 806 764 868 post,
787 814 874 869 quam
899 795 1049 850 consulatu
1072 794 1151 850 abiit.

353 896 466 953 Eodem
494 896 556 954 fere
578 908 708 973 tempore
730 905 759 955 et
780 898 834 957 Cn.
858 900 985 956 Manlius
1008 898 1108 955 consul
1130 899 1158 954 iu
1182 898 1282 953 Asiam
1307 908 1335 953 et
1389 894 1430 963 60

274 998 309 1071 Q.
330 1002 439 1059 Fabius
462 1004 564 1061 Labeo
590 1015 696 1078 praetor
718 1006 756 1060 ad
783 1005 904 1062 classem
928 1004 1015 1060 venit.
1067 1001 1368 1062 Ceterum-oonsuli2

274 1122 329 1161 ron
349 1107 450 1164 deerat
472 1126 536 1164 cum
562 1109 657 1167 Gallis
683 1110 749 1166 belli
772 1110 909 1176 materia3
941 1128 1021 1165 mare
1039 1118 1174 1184 pacatum
1198 1118 1261 1163 erat
1287 1108 1336 1164 de-

274 1210 346 1268 ricto
367 1214 526 1272 Antiocho.
571 1213 718 1288 Cogitanti
741 1214 777 1286 Q.
802 1215 906 1280 Fabio,
934 1215 979 1270 oui
1001 1214 1041 1270 rei
1063 1213 1244 1288 potissimum
1267 1214 1336 1270 insi-

274 1323 365 1386 seret,
386 1337 424 1374 ne
445 1313 571 1375 otiosam
595 1320 774 1393 provinciam
797 1320 934 1376 habuisse
957 1318 1049 1375 videri
1064 1329 1171 1392 posset,
1193 1320 1334 1395 optimum

274 1418 361 1479 risum
391 1433 436 1480 est
465 1425 495 1481 iu
527 1421 645 1482 Cretam
679 1425 801 1481 insulam
834 1425 975 1481 traiicere.
1027 1421 1198 1498 Cydoniatae
1218 1426 1365 1493 'bellumi

274 1526 407 1585 tdvemus
430 1528 593 1605 Gortynios
615 1530 803 1602 Gnosiosque
825 1532 981 1605 gerebant,
1012 1539 1040 1583 et
1069 1530 1250 1603 captivorum
1272 1533 1334 1587 Ro·

274 1613 419 1690 nauorum
437 1643 538 1708 'atque
569 1634 664 1691 Italici
696 1636 809 1710 generis
833 1654 955 1710 magnus
985 1653 1121 1690 uumerus
1145 1635 1174 1691 in
1197 1636 1335 1693 servitute

274 1749 332 1795 sse
351 1758 404 1813 per
425 1750 517 1797 totam
537 1739 661 1796 insulam
678 1741 837 1797 dicebatur.
876 1741 978 1799 Classe
993 1742 1030 1797 ab
1044 1741 1161 1814 Epheso
1177 1739 1333 1813 profectus,
1347 1747 1364 1799 4

274 1854 355 1910 [uum
379 1846 504 1919 primum
528 1843 623 1901 Cretae
644 1846 712 1901 litus
737 1847 841 1920 attigit,
864 1846 980 1903 nuntios
1003 1846 1079 1901 cirea
1100 1845 1231 1901 civitates
1248 1846 1333 1912 misit,

274 1953 302 1999 tt
330 1949 419 2005 armis
452 1951 638 2019 absisterent,
678 1952 867 2026 captivosque
901 1952 930 2007 in
968 1951 1027 2007 suis
1061 1969 1182 2024 quaeque
1214 1952 1333 2008 urbibus

275 2052 403 2127 grisque
430 2057 610 2130 conquisitos
637 2058 821 2121 reducerent,
850 2066 879 2113 et
908 2057 1020 2131 legatos
1052 2057 1196 2112 mitterent
1224 2057 1261 2111 ad
1293 2074 1332 2124 se,

274 2169 329 2214 um
351 2159 457 2233 quibus
479 2162 515 2219 de
540 2164 626 2219 rebus
649 2163 687 2218 ad
710 2161 863 2218 Cretenses
884 2163 994 2236 pariter
1015 2163 1222 2234 Romanosque
1244 2161 1331 2234 perti-

275 2244 398 2322 eutibns
422 2277 541 2342 ageret.
593 2269 675 2325 Nihil
709 2286 885 2342 niagnopere
914 2286 950 2323 ea
978 2265 1130 2322 Cretenses
1166 2264 1362 2332 moverunt35

274 2355 406 2445 fiptivos,
429 2382 535 2447 praeter
556 2372 728 2448 Gortynios,
751 2372 821 2429 nulli
836 2367 1034 2432 reddiderunt.
1073 2370 1210 2427 Valerius
1224 2366 1362 2428 Antiasss

274 2471 302 2532 'd
322 2486 464 2552 quattuor
485 2478 575 2535 millia
597 2480 790 2553 captivorum,
817 2479 886 2553 quia
908 2478 974 2535 belii
999 2477 1092 2534 minas
1114 2476 1269 2547 timuerint,
1294 2496 1331 2533 ex

274 2589 323 2639 hta
344 2583 442 2640 insuia
460 2585 575 2640 reddita
596 2585 728 2659 scripsit,
751 2603 875 2658 eamque
898 2602 1015 2640 oausam
1028 2583 1133 2649 Fabio,
1158 2600 1245 2655 quum
1268 2600 1329 2638 rem

274 2687 368 2746 ullam
395 2690 483 2746 aliam
506 2690 652 2764 gessisset,
674 2690 810 2765 triumphi
834 2690 947 2747 navalis
969 2688 1142 2762 impetrandi
1166 2689 1203 2744 ab
1227 2696 1328 2743 senatu

274 2782 357 2855 iisse.
415 2799 445 2852 A
468 2794 557 2852 Creta
578 2796 727 2870 Ephesum
750 2796 834 2851 rediit
856 2795 981 2863 Fabius3
1004 2796 1071 2851 inde
1092 2795 1184 2850 tribus
1206 2793 1358 2849 navibus7

274 2911 290 2953 ι
308 2897 446 2954 Thraoiae
466 2918 548 2956 oram
572 2901 676 2970 missis,
699 2901 738 2956 ab
749 2901 830 2956 AEno
844 2911 871 2956 et
889 2902 1032 2957 Maronea
1043 2899 1178 2974 praesidia
1190 2898 1330 2956 Antiochi

275 3002 365 3060 oduei
384 3003 481 3072 iussit,
508 3015 539 3061 ut
562 3005 591 3061 iu
613 3004 747 3061 libertate
769 2986 810 3062 eae
832 3005 964 3062 civitates
986 3015 1089 3062 essent.

274 3165 458 3177 *a

275 3261 312 3332 ³)
333 3269 485 3318 alterautra
503 3268 562 3316 loeo
583 3267 707 3332 triplex
725 3268 812 3316 Livius
832 3268 963 3330 scripsisse
982 3267 1090 3319 videtur.

283 4360 350 4407 Lirim
362 4382 383 4408 er
395 4383 433 4411 reo.
449 4371 543 4418 flndvigii
575 4370 606 4406 Vi·
