3484 5025
543 480 768 545 utnetxxxvr.
804 493 851 556 (A.
871 492 932 543 chr.
955 493 1026 556 191.)
1232 496 1266 552 31

260 682 334 730 erret
367 693 403 731 ac
437 686 578 758 servaret.
624 678 664 735 Et
694 686 755 734 tum
785 678 920 751 quidem,
953 667 1121 751 quanquam
1150 680 1344 735 movereturd

260 778 293 836 iifl
317 780 454 849 vocibus,
491 799 576 837 manu
606 791 703 839 tamen
728 784 828 840 abnuit
856 784 1011 857 quicquam
1039 783 1103 857 opis
1128 784 1158 839 in
1183 801 1215 840 se
1237 802 1314 852 esse3

261 895 371 951 eterum
395 896 552 959 postquam
576 887 613 943 ad
635 888 780 944 consulem
804 890 902 958 venit,
927 891 1050 957 „Utrum
1073 888 1192 945 fefellit“
1223 889 1344 962 inquit?

261 997 306 1060 tc,
326 984 378 1045 M'.
392 990 482 1058 Acili,
503 992 572 1065 quid
596 1005 709 1065 agatur,
734 1014 782 1064 an,
806 1013 894 1067 quum
917 994 988 1050 satis
1010 993 1171 1068 pervideas,
1193 993 1264 1049 nihil
1285 993 1315 1049 id

260 1112 426 1170 magnopere
458 1098 495 1152 ad
529 1116 671 1155 summam
705 1119 765 1155 rem
801 1100 943 1173 pertinere
979 1097 1116 1156 censes?“
1171 1098 1345 1155 Erexerat8

261 1202 465 1275 xspectatione
476 1204 633 1274 consulem,
645 1215 673 1261 et
686 1204 782 1276 „Quin
794 1205 959 1278 expromis“
970 1204 1072 1277 inquit,
1086 1203 1173 1277 „quid
1185 1203 1226 1258 rei
1238 1201 1312 1258 sit?“

260 1306 325 1364 Pum
338 1306 507 1379 Quinctius:
531 1309 665 1381 „Ecquid
680 1310 770 1379 vides,
793 1320 830 1377 te,
852 1309 966 1365 devicto
980 1309 1138 1375 Antiocho,
1157 1309 1185 1362 iu
1203 1307 1315 1362 duabus

260 1412 367 1487 rubibus
395 1415 600 1488 oppugnandis
627 1426 740 1489 tempus
768 1426 875 1483 terere,
904 1434 993 1488 quum
1023 1407 1080 1470 iam
1110 1431 1202 1487 prope
1223 1429 1315 1467 annus

261 1515 439 1574 boumactus
462 1520 500 1576 sit
520 1520 633 1594 imperii
657 1521 712 1589 tui,
740 1520 906 1594 Philippum
928 1530 1043 1589 autem,
1063 1518 1111 1593 qui
1133 1537 1191 1573 non
1215 1517 1345 1586 aciem,9

260 1640 308 1688 ton
327 1625 411 1699 signa
432 1625 559 1681 hostiurn
584 1626 664 1693 vidit,
685 1645 745 1682 non
766 1627 859 1683 solum
885 1627 978 1695 urbes,
1001 1626 1053 1681 sed
1075 1634 1117 1680 tot
1136 1624 1194 1680 iam
1206 1633 1316 1695 gentes,

260 1719 1317 1807 &thamaniamfflerrhaebiamAperantiam,Dolopiam,sibiadiunxisse,

260 1836 420 1893 avietoriae
433 1847 491 1892 tuae
509 1837 659 1909 praemium
678 1848 707 1893 te
726 1836 888 1908 militesque
906 1848 971 1893 tuos
989 1837 1117 1892 nondum
1134 1835 1207 1890 duas
1222 1835 1317 1901 urbes,

260 1936 416 2015 {hilippum
431 1951 475 1997 tot
485 1953 587 2015 gentes
600 1940 722 1999 Graeeiae
738 1939 865 1996 habere?
890 1940 983 2014 Atqui
998 1960 1056 1996 non
1072 1950 1182 1996 tantum
1200 1939 1317 1995 interest
1334 1941 1369 1995 10

260 2056 350 2103 rostra
361 2047 531 2103 AEtolorum
545 2064 615 2119 opes
627 2065 661 2103 ac
672 2047 749 2103 vires
760 2047 858 2115 minui,
877 2055 1015 2119 quantum
1028 2064 1086 2100 non
1098 2065 1187 2118 supra
1199 2045 1317 2100 modum

260 2148 415 2227 .’hilippnm
438 2156 597 2211 creseere.“
646 2152 870 2208 Assentiebatur
893 2150 936 2207 his
959 2152 1073 2219 consul;
1095 2150 1145 2206 sed
1168 2150 1271 2224 pudor,
1293 2149 1319 2205 si
1373 2140 1413 2210 35
1477 2230 1479 2234 7

260 2257 331 2314 trito
361 2258 479 2331 incepto
512 2257 681 2313 abscederet
713 2257 878 2325 obsidione,
906 2258 1094 2313 occurrebat.
1140 2257 1220 2312 Tota
1252 2256 1319 2312 inde

260 2357 386 2435 Quinctio
416 2381 464 2419 res
492 2362 635 2435 permissa
661 2371 713 2418 est.
767 2364 798 2417 Is
823 2379 923 2417 rursus
953 2362 990 2417 ed
1013 2368 1077 2417 eain
1100 2373 1211 2436 partem
1237 2360 1349 2432 muri,2

260 2477 309 2537 [ua
338 2467 428 2543 paulo
461 2477 529 2554 ente
561 2466 712 2524 vociferati
740 2467 836 2524 AEtoli
863 2465 993 2536 fuerant,
1024 2467 1124 2536 rediit3
1155 2467 1196 2524 ibi
1229 2486 1318 2541 quum

260 2574 404 2648 lupensius
420 2584 547 2642 orarent,
563 2586 594 2630 ut
609 2574 793 2630 misereretur
804 2572 898 2646 gentis
910 2573 1086 2641 AEtolorum,
1105 2574 1184 2630 exire
1205 2574 1319 2647 aliquos

260 2677 293 2734 td
302 2697 332 2735 se
342 2678 434 2735 iussit.
459 2680 604 2734 Phaeneas
615 2679 677 2752 ipse
689 2677 892 2751 principesque
904 2678 952 2733 alii
965 2679 1110 2753 extemplo
1123 2679 1231 2753 egressi
1243 2688 1318 2738 sunt.
1333 2677 1362 2732 3·

260 2776 364 2857 Quibus
386 2783 550 2858 provolutis
573 2782 609 2838 ad
630 2784 726 2857 pedes,
751 2784 921 2851 „Fortuna“
944 2783 1036 2857 inquit
1055 2795 1172 2852 „vestra
1188 2783 1267 2854 facit,
1289 2793 1321 2839 ut

260 2898 287 2945 st
307 2890 356 2946 iroe
377 2908 450 2946 meae
479 2898 507 2944 et
532 2887 657 2943 orationi
682 2899 848 2962 temperem.
899 2889 1080 2961 Evenerant,
1110 2908 1173 2963 quae
1200 2889 1352 2964 praedixil

260 3005 408 3065 uenture,
445 3003 474 3051 et
505 3013 542 3049 ne
570 2994 626 3049 hoc
655 2993 769 3066 quidem
799 2992 902 3065 reliqui
931 2995 1015 3051 vobis
1043 2982 1101 3063 est,
1136 3003 1167 3049 ut
1197 2993 1322 3067 indignis

260 3099 393 3169 {scidisse
418 3119 454 3156 ea
476 3099 639 3155 videantur.
688 3098 753 3170 Ego
777 3106 889 3166 tamen,
916 3108 994 3154 sorte
1016 3099 1142 3171 quadam
1164 3098 1323 3155 nutriendae

260 3199 377 3270 Sraeciae
388 3206 485 3273 datus,
503 3222 540 3258 ne
557 3202 679 3276 ingratis
694 3203 809 3276 quidem
828 3202 1010 3259 benefacere
1025 3203 1172 3259 absistam.
1202 3204 1354 3281 ¹Mittite5

260 3318 386 3367 mtores
409 3309 447 3363 ad
471 3309 629 3377 consulem,
653 3308 702 3380 qni
723 3307 848 3362 indutias
870 3309 899 3362 in
921 3317 1031 3364 tantum
1055 3309 1192 3382 temporis
1214 3316 1324 3382 petant,

260 3421 290 3483 st
304 3415 419 3471 mittere
440 3414 555 3487 legatos
577 3415 701 3470 Romam
725 3411 859 3485 possitis,
882 3431 934 3485 per
957 3431 1030 3485 quos
1053 3414 1165 3469 senatui
1185 3415 1221 3469 de
1240 3414 1325 3470 vobis

260 3519 439 3593 permittat-is.
474 3519 541 3591 Ego
564 3517 641 3591 apud
664 3517 810 3572 consulem
833 3517 1006 3591 deprecator
1027 3518 1220 3592 defensorque
1241 3521 1326 3576 vobis

260 3623 372 3699 galero}⁴
411 3624 474 3681 'Ita
495 3634 528 3677 ut
550 3632 703 3679 censuerat
725 3623 892 3694 Quinctius,
916 3621 1055 3693 fecerunt,
1080 3643 1133 3680 nec
1156 3629 1358 3698 aspernatus6
1419 3648 1424 3659 ·

260 3736 302 3791 ut
323 3729 426 3786 consul
448 3727 641 3802 legationem
669 3728 844 3801 indutiisque
866 3728 896 3784 in
917 3729 993 3785 diem
1016 3738 1124 3786 certam
1147 3731 1239 3802 detis,
1269 3749 1328 3804 qua

260 3824 361 3911 §sgatio
394 3833 558 3892 renuntiari
591 3835 627 3889 ab
659 3835 755 3890 Roma
787 3842 902 3906 posset,
942 3834 1038 3889 soluta
1070 3835 1183 3891 obsidio
1216 3847 1260 3893 est
1300 3845 1329 3892 et

260 3941 399 3997 uercitus
430 3940 460 3995 in
490 3938 650 3996 Phocidem
678 3938 795 4004 missus3
831 3939 933 3994 consul
965 3959 1029 3995 curn
1058 3942 1094 3998 T.
1125 3941 1261 4012 Quinctio
1291 3942 1359 4000 ad'l

261 4043 421 4115 Achaicum
445 4043 600 4100 concilium
623 4042 745 4116 AEgium
770 4044 892 4098 traiecit.

338 4153 385 4211 lbi
404 4151 442 4208 de
459 4149 541 4206 Eleis
563 4158 593 4204 et
614 4149 650 4204 de
672 4147 820 4204 exsulibus
837 4149 1125 4207 Lacedaemoniorum
1148 4150 1331 4209 restituendis

263 4263 352 4314 notum
375 4265 430 4314 est.
481 4255 597 4312 Neutra
626 4253 756 4328 perfecta
781 4271 842 4322 res,
876 4254 945 4326 quie
973 4273 1033 4312 suae
1060 4256 1162 4330 gratiae
1188 4256 1332 4314 reservari

1166 4512 1207 4571 Q
