<?xml version="1.0" encoding="UTF-8"?>
<!DOCTYPE html PUBLIC "-//W3C//DTD XHTML 1.0 Transitional//EN"
    "http://www.w3.org/TR/xhtml1/DTD/xhtml1-transitional.dtd">
<html xmlns="http://www.w3.org/1999/xhtml" xml:lang="en" lang="en">
 <head>
  <title>
</title>
<meta http-equiv="Content-Type" content="text/html;charset=utf-8" />
  <meta name='ocr-system' content='tesseract 3.04.00' />
  <meta name='ocr-capabilities' content='ocr_page ocr_carea ocr_par ocr_line ocrx_word'/>
</head>
<body>
  <div class='ocr_page' id='page_1' title='image "./titiliviihistor00ussigoog_0052.png"; bbox 0 0 3484 5025; ppageno 0'>
   <div class='ocr_carea' id='block_1_1' title="bbox 471 495 1171 561">
    <p class='ocr_par' dir='ltr' id='par_1_1' title="bbox 471 495 1171 561">
     <span class='ocr_line' id='line_1_1' title="bbox 471 495 1171 561; baseline 0 -14"><span class='ocrx_word' id='word_1_1' title='bbox 471 504 506 558; x_wconf 81' lang='lat'>14</span> <span class='ocrx_word' id='word_1_2' title='bbox 728 497 807 547; x_wconf 69' lang='lat' dir='ltr'>nasa</span> <span class='ocrx_word' id='word_1_3' title='bbox 823 495 924 546; x_wconf 76' lang='lat' dir='ltr'>xxxi</span> <span class='ocrx_word' id='word_1_4' title='bbox 962 497 1171 561; x_wconf 54' lang='lat' dir='ltr'>(caussa.)</span> 
     </span>
    </p>
   </div>
   <div class='ocr_carea' id='block_1_2' title="bbox 328 679 1488 3985">
    <p class='ocr_par' dir='ltr' id='par_1_2' title="bbox 328 679 1488 3985">
     <span class='ocr_line' id='line_1_2' title="bbox 426 679 1486 757; baseline -0.003 -17"><span class='ocrx_word' id='word_1_5' title='bbox 426 682 565 740; x_wconf 76' lang='lat' dir='ltr'>Thraeciae</span> <span class='ocrx_word' id='word_1_6' title='bbox 587 687 752 756; x_wconf 88' lang='lat' dir='ltr'>opportuna</span> <span class='ocrx_word' id='word_1_7' title='bbox 772 679 839 735; x_wconf 90' lang='lat' dir='ltr'>loca</span> <span class='ocrx_word' id='word_1_8' title='bbox 852 680 930 738; x_wconf 85' lang='lat' dir='ltr'>vires</span> <span class='ocrx_word' id='word_1_9' title='bbox 948 679 1092 753; x_wconf 83' lang='lat' dir='ltr'>colligere,</span> <span class='ocrx_word' id='word_1_10' title='bbox 1113 679 1220 737; x_wconf 91' lang='lat' dir='ltr'>bellum</span> <span class='ocrx_word' id='word_1_11' title='bbox 1236 680 1335 738; x_wconf 84' lang='lat' dir='ltr'>aluere</span> <span class='ocrx_word' id='word_1_12' title='bbox 1349 680 1486 757; x_wconf 85' lang='lat' dir='ltr'>gloriam·</span> 
     </span>
     <span class='ocr_line' id='line_1_3' title="bbox 426 782 1252 860; baseline -0.002 -16"><span class='ocrx_word' id='word_1_13' title='bbox 426 804 482 859; x_wconf 90' lang='lat' dir='ltr'>que</span> <span class='ocrx_word' id='word_1_14' title='bbox 503 787 564 843; x_wconf 90' lang='lat' dir='ltr'>eius</span> <span class='ocrx_word' id='word_1_15' title='bbox 585 784 659 860; x_wconf 85' lang='lat' dir='ltr'>gesti</span> <span class='ocrx_word' id='word_1_16' title='bbox 675 782 853 858; x_wconf 82' lang='lat' dir='ltr'>perfectique</span> <span class='ocrx_word' id='word_1_17' title='bbox 877 785 1017 842; x_wconf 86' lang='lat' dir='ltr'>Romanis</span> <span class='ocrx_word' id='word_1_18' title='bbox 1039 794 1252 843; x_wconf 81' lang='lat' dir='ltr'>concesserunt.</span> 
     </span>
     <span class='ocr_line' id='line_1_4' title="bbox 330 886 1486 970; baseline -0.003 -22"><span class='ocrx_word' id='word_1_19' title='bbox 330 886 371 954; x_wconf 76' lang='grc'>16</span> <span class='ocrx_word' id='word_1_20' title='bbox 508 890 662 964; x_wconf 85' lang='lat' dir='ltr'>Philippus</span> <span class='ocrx_word' id='word_1_21' title='bbox 684 888 777 963; x_wconf 88' lang='lat' dir='ltr'>magis</span> <span class='ocrx_word' id='word_1_22' title='bbox 799 888 881 963; x_wconf 91' lang='lat' dir='ltr'>regio</span> <span class='ocrx_word' id='word_1_23' title='bbox 896 888 993 945; x_wconf 89' lang='lat' dir='ltr'>animo</span> <span class='ocrx_word' id='word_1_24' title='bbox 1011 899 1054 946; x_wconf 88' lang='lat' dir='ltr'>est</span> <span class='ocrx_word' id='word_1_25' title='bbox 1068 907 1146 958; x_wconf 88' lang='lat' dir='ltr'>usus,</span> <span class='ocrx_word' id='word_1_26' title='bbox 1168 889 1227 964; x_wconf 83' lang='lat' dir='ltr'>qui,</span> <span class='ocrx_word' id='word_1_27' title='bbox 1249 906 1337 963; x_wconf 91' lang='lat' dir='ltr'>quum</span> <span class='ocrx_word' id='word_1_28' title='bbox 1352 887 1486 970; x_wconf 81' lang='lat' dir='ltr'>Attalum</span> 
     </span>
     <span class='ocr_line' id='line_1_5' title="bbox 426 992 1487 1067; baseline -0.003 -14"><span class='ocrx_word' id='word_1_29' title='bbox 426 995 614 1067; x_wconf 89' lang='lat' dir='ltr'>Rhodiosque</span> <span class='ocrx_word' id='word_1_30' title='bbox 637 995 735 1051; x_wconf 90' lang='lat' dir='ltr'>hostes</span> <span class='ocrx_word' id='word_1_31' title='bbox 758 1012 816 1049; x_wconf 90' lang='lat' dir='ltr'>non</span> <span class='ocrx_word' id='word_1_32' title='bbox 839 992 1030 1061; x_wconf 88' lang='lat' dir='ltr'>sustinuisset,</span> <span class='ocrx_word' id='word_1_33' title='bbox 1051 1011 1088 1049; x_wconf 87' lang='lat' dir='ltr'>ne</span> <span class='ocrx_word' id='word_1_34' title='bbox 1103 995 1238 1050; x_wconf 87' lang='lat' dir='ltr'>Romano</span> <span class='ocrx_word' id='word_1_35' title='bbox 1260 992 1389 1067; x_wconf 90' lang='lat' dir='ltr'>quidem,</span> <span class='ocrx_word' id='word_1_36' title='bbox 1409 992 1487 1067; x_wconf 88' lang='lat' dir='ltr'>quod</span> 
     </span>
     <span class='ocr_line' id='line_1_6' title="bbox 394 1096 1487 1172; baseline -0.003 -15"><span class='ocrx_word' id='word_1_37' title='bbox 394 1099 609 1169; x_wconf 63' lang='lat' dir='ltr'>imminebat,</span> <span class='ocrx_word' id='word_1_38' title='bbox 641 1099 718 1156; x_wconf 92' lang='lat' dir='ltr'>bello</span> <span class='ocrx_word' id='word_1_39' title='bbox 739 1097 873 1164; x_wconf 89' lang='lat' dir='ltr'>territus,</span> <span class='ocrx_word' id='word_1_40' title='bbox 903 1097 1034 1154; x_wconf 91' lang='lat' dir='ltr'>Philocle</span> <span class='ocrx_word' id='word_1_41' title='bbox 1057 1097 1183 1171; x_wconf 87' lang='lat' dir='ltr'>quodam</span> <span class='ocrx_word' id='word_1_42' title='bbox 1205 1116 1242 1154; x_wconf 84' lang='lat' dir='ltr'>ex</span> <span class='ocrx_word' id='word_1_43' title='bbox 1263 1096 1407 1172; x_wconf 83' lang='lat' dir='ltr'>praefectis</span> <span class='ocrx_word' id='word_1_44' title='bbox 1429 1097 1487 1154; x_wconf 88' lang='lat' dir='ltr'>suis</span> 
     </span>
     <span class='ocr_line' id='line_1_7' title="bbox 426 1201 1487 1277; baseline 0 -18"><span class='ocrx_word' id='word_1_45' title='bbox 426 1221 491 1260; x_wconf 92' lang='lat' dir='ltr'>cum</span> <span class='ocrx_word' id='word_1_46' title='bbox 514 1203 627 1259; x_wconf 90' lang='lat' dir='ltr'>duobus</span> <span class='ocrx_word' id='word_1_47' title='bbox 649 1202 764 1258; x_wconf 90' lang='lat' dir='ltr'>milibus</span> <span class='ocrx_word' id='word_1_48' title='bbox 785 1201 924 1275; x_wconf 91' lang='lat' dir='ltr'>peditum,</span> <span class='ocrx_word' id='word_1_49' title='bbox 947 1201 1090 1273; x_wconf 90' lang='lat' dir='ltr'>equitibus</span> <span class='ocrx_word' id='word_1_50' title='bbox 1107 1201 1236 1258; x_wconf 88' lang='lat' dir='ltr'>ducentis</span> <span class='ocrx_word' id='word_1_51' title='bbox 1251 1202 1288 1257; x_wconf 91' lang='lat' dir='ltr'>ad</span> <span class='ocrx_word' id='word_1_52' title='bbox 1303 1201 1487 1277; x_wconf 88' lang='lat' dir='ltr'>populandos</span> 
     </span>
     <span class='ocr_line' id='line_1_8' title="bbox 395 1305 1487 1381; baseline -0.003 -14"><span class='ocrx_word' id='word_1_53' title='bbox 395 1307 646 1367; x_wconf 81' lang='lat' dir='ltr'>3Atheniensium</span> <span class='ocrx_word' id='word_1_54' title='bbox 669 1324 756 1381; x_wconf 89' lang='lat' dir='ltr'>agros</span> <span class='ocrx_word' id='word_1_55' title='bbox 779 1306 883 1374; x_wconf 91' lang='lat' dir='ltr'>misso,</span> <span class='ocrx_word' id='word_1_56' title='bbox 906 1305 998 1362; x_wconf 87' lang='lat' dir='ltr'>classe</span> <span class='ocrx_word' id='word_1_57' title='bbox 1021 1305 1129 1361; x_wconf 83' lang='lat' dir='ltr'>tradita</span> <span class='ocrx_word' id='word_1_58' title='bbox 1150 1305 1314 1377; x_wconf 80' lang='lat' dir='ltr'>Heraclidi,</span> <span class='ocrx_word' id='word_1_59' title='bbox 1336 1315 1369 1363; x_wconf 88' lang='lat' dir='ltr'>ut</span> <span class='ocrx_word' id='word_1_60' title='bbox 1386 1307 1487 1364; x_wconf 84' lang='lat' dir='ltr'>Marc·</span> 
     </span>
     <span class='ocr_line' id='line_1_9' title="bbox 425 1409 1486 1486; baseline 0 -18"><span class='ocrx_word' id='word_1_61' title='bbox 425 1431 510 1468; x_wconf 90' lang='lat' dir='ltr'>neam</span> <span class='ocrx_word' id='word_1_62' title='bbox 532 1419 651 1486; x_wconf 87' lang='lat' dir='ltr'>peteret,</span> <span class='ocrx_word' id='word_1_63' title='bbox 675 1412 738 1485; x_wconf 91' lang='lat' dir='ltr'>ipse</span> <span class='ocrx_word' id='word_1_64' title='bbox 760 1418 838 1466; x_wconf 81' lang='lat' dir='ltr'>terra</span> <span class='ocrx_word' id='word_1_65' title='bbox 860 1409 962 1465; x_wconf 88' lang='lat' dir='ltr'>eodem</span> <span class='ocrx_word' id='word_1_66' title='bbox 984 1428 1048 1466; x_wconf 90' lang='lat' dir='ltr'>oum</span> <span class='ocrx_word' id='word_1_67' title='bbox 1071 1409 1212 1483; x_wconf 77' lang='lat' dir='ltr'>expeditis</span> <span class='ocrx_word' id='word_1_68' title='bbox 1234 1410 1347 1467; x_wconf 91' lang='lat' dir='ltr'>duobus</span> <span class='ocrx_word' id='word_1_69' title='bbox 1363 1410 1486 1468; x_wconf 86' lang='lat' dir='ltr'>millibus</span> 
     </span>
     <span class='ocr_line' id='line_1_10' title="bbox 395 1513 1486 1592; baseline -0.005 -16"><span class='ocrx_word' id='word_1_70' title='bbox 395 1518 571 1592; x_wconf 74' lang='lat' dir='ltr'>dpeditum,</span> <span class='ocrx_word' id='word_1_71' title='bbox 604 1515 747 1589; x_wconf 88' lang='lat' dir='ltr'>equitibus</span> <span class='ocrx_word' id='word_1_72' title='bbox 780 1514 911 1570; x_wconf 90' lang='lat' dir='ltr'>ducentis</span> <span class='ocrx_word' id='word_1_73' title='bbox 942 1513 1045 1590; x_wconf 86' lang='lat' dir='ltr'>pergit.</span> <span class='ocrx_word' id='word_1_74' title='bbox 1100 1514 1139 1570; x_wconf 87' lang='lat' dir='ltr'>Et</span> <span class='ocrx_word' id='word_1_75' title='bbox 1166 1514 1338 1582; x_wconf 78' lang='lat' dir='ltr'>Maroneam</span> <span class='ocrx_word' id='word_1_76' title='bbox 1371 1514 1486 1588; x_wconf 89' lang='lat' dir='ltr'>quidem</span> 
     </span>
     <span class='ocr_line' id='line_1_11' title="bbox 425 1617 1486 1696; baseline -0.002 -18"><span class='ocrx_word' id='word_1_77' title='bbox 425 1623 520 1696; x_wconf 88' lang='lat' dir='ltr'>primo</span> <span class='ocrx_word' id='word_1_78' title='bbox 541 1622 651 1694; x_wconf 90' lang='lat' dir='ltr'>impetu</span> <span class='ocrx_word' id='word_1_79' title='bbox 679 1618 870 1692; x_wconf 83' lang='lat' dir='ltr'>expugnavit3</span> <span class='ocrx_word' id='word_1_80' title='bbox 904 1619 1015 1674; x_wconf 88' lang='lat' dir='ltr'>AEnum</span> <span class='ocrx_word' id='word_1_81' title='bbox 1048 1617 1115 1673; x_wconf 92' lang='lat' dir='ltr'>inde</span> <span class='ocrx_word' id='word_1_82' title='bbox 1142 1636 1207 1674; x_wconf 90' lang='lat' dir='ltr'>cum</span> <span class='ocrx_word' id='word_1_83' title='bbox 1240 1636 1347 1693; x_wconf 89' lang='lat' dir='ltr'>magno</span> <span class='ocrx_word' id='word_1_84' title='bbox 1377 1619 1486 1689; x_wconf 87' lang='lat' dir='ltr'>labore,</span> 
     </span>
     <span class='ocr_line' id='line_1_12' title="bbox 425 1719 1486 1801; baseline -0.004 -19"><span class='ocrx_word' id='word_1_85' title='bbox 425 1736 573 1801; x_wconf 90' lang='lat' dir='ltr'>postremo</span> <span class='ocrx_word' id='word_1_86' title='bbox 595 1743 648 1798; x_wconf 91' lang='lat' dir='ltr'>per</span> <span class='ocrx_word' id='word_1_87' title='bbox 661 1723 854 1797; x_wconf 79' lang='lat' dir='ltr'>proditionem</span> <span class='ocrx_word' id='word_1_88' title='bbox 870 1719 1048 1792; x_wconf 80' lang='lat' dir='ltr'>Callimedis,</span> <span class='ocrx_word' id='word_1_89' title='bbox 1069 1720 1198 1797; x_wconf 85' lang='lat' dir='ltr'>praefecti</span> <span class='ocrx_word' id='word_1_90' title='bbox 1218 1722 1380 1793; x_wconf 85' lang='lat' dir='ltr'>Ptolemaei,</span> <span class='ocrx_word' id='word_1_91' title='bbox 1398 1723 1486 1800; x_wconf 80' lang='lat' dir='ltr'>cepit3</span> 
     </span>
     <span class='ocr_line' id='line_1_13' title="bbox 395 1826 1485 1904; baseline -0.003 -15"><span class='ocrx_word' id='word_1_92' title='bbox 395 1830 561 1904; x_wconf 80' lang='lat' dir='ltr'>bdeinceps</span> <span class='ocrx_word' id='word_1_93' title='bbox 582 1829 641 1885; x_wconf 88' lang='lat' dir='ltr'>alia</span> <span class='ocrx_word' id='word_1_94' title='bbox 663 1827 791 1896; x_wconf 88' lang='lat' dir='ltr'>castella,</span> <span class='ocrx_word' id='word_1_95' title='bbox 815 1826 941 1901; x_wconf 85' lang='lat' dir='ltr'>Cypsela</span> <span class='ocrx_word' id='word_1_96' title='bbox 959 1836 987 1882; x_wconf 87' lang='lat' dir='ltr'>et</span> <span class='ocrx_word' id='word_1_97' title='bbox 1001 1827 1147 1883; x_wconf 83' lang='lat' dir='ltr'>Doriscon</span> <span class='ocrx_word' id='word_1_98' title='bbox 1169 1835 1198 1883; x_wconf 90' lang='lat' dir='ltr'>et</span> <span class='ocrx_word' id='word_1_99' title='bbox 1212 1826 1378 1898; x_wconf 86' lang='lat' dir='ltr'>Serrheum,</span> <span class='ocrx_word' id='word_1_100' title='bbox 1400 1847 1485 1886; x_wconf 92' lang='lat' dir='ltr'>occu-</span> 
     </span>
     <span class='ocr_line' id='line_1_14' title="bbox 426 1929 1485 2009; baseline -0.002 -18"><span class='ocrx_word' id='word_1_101' title='bbox 426 1944 486 2009; x_wconf 87' lang='lat' dir='ltr'>pat.</span> <span class='ocrx_word' id='word_1_102' title='bbox 539 1935 612 1991; x_wconf 90' lang='lat' dir='ltr'>Indo</span> <span class='ocrx_word' id='word_1_103' title='bbox 646 1949 817 2008; x_wconf 90' lang='lat' dir='ltr'>progressus</span> <span class='ocrx_word' id='word_1_104' title='bbox 850 1931 889 1987; x_wconf 89' lang='lat' dir='ltr'>ad</span> <span class='ocrx_word' id='word_1_105' title='bbox 917 1929 1129 1988; x_wconf 87' lang='lat' dir='ltr'>Chersonesum</span> <span class='ocrx_word' id='word_1_106' title='bbox 1158 1932 1292 1989; x_wconf 81' lang='lat' dir='ltr'>Elaeunta</span> <span class='ocrx_word' id='word_1_107' title='bbox 1321 1941 1350 1988; x_wconf 91' lang='lat' dir='ltr'>et</span> <span class='ocrx_word' id='word_1_108' title='bbox 1375 1933 1485 2008; x_wconf 84' lang='lat' dir='ltr'>Alope·</span> 
     </span>
     <span class='ocr_line' id='line_1_15' title="bbox 395 2033 1485 2112; baseline -0.004 -14"><span class='ocrx_word' id='word_1_109' title='bbox 395 2044 412 2098; x_wconf 86' lang='grc'><strong>6</strong></span> <span class='ocrx_word' id='word_1_110' title='bbox 427 2056 582 2110; x_wconf 87' lang='lat' dir='ltr'>connesum</span> <span class='ocrx_word' id='word_1_111' title='bbox 598 2037 777 2094; x_wconf 86' lang='lat' dir='ltr'>tradentibus</span> <span class='ocrx_word' id='word_1_112' title='bbox 792 2035 863 2111; x_wconf 88' lang='lat' dir='ltr'>ipsis</span> <span class='ocrx_word' id='word_1_113' title='bbox 875 2035 990 2109; x_wconf 87' lang='lat' dir='ltr'>recipit;</span> <span class='ocrx_word' id='word_1_114' title='bbox 1011 2033 1160 2111; x_wconf 87' lang='lat' dir='ltr'>Callipolis</span> <span class='ocrx_word' id='word_1_115' title='bbox 1176 2054 1291 2109; x_wconf 91' lang='lat' dir='ltr'>qnoque</span> <span class='ocrx_word' id='word_1_116' title='bbox 1306 2044 1335 2092; x_wconf 89' lang='lat' dir='ltr'>et</span> <span class='ocrx_word' id='word_1_117' title='bbox 1348 2037 1485 2112; x_wconf 82' lang='lat' dir='ltr'>Madytos</span> 
     </span>
     <span class='ocr_line' id='line_1_16' title="bbox 426 2139 1485 2216; baseline -0.001 -17"><span class='ocrx_word' id='word_1_118' title='bbox 426 2143 525 2199; x_wconf 88' lang='lat' dir='ltr'>dedita</span> <span class='ocrx_word' id='word_1_119' title='bbox 545 2152 574 2198; x_wconf 91' lang='lat' dir='ltr'>et</span> <span class='ocrx_word' id='word_1_120' title='bbox 595 2142 714 2199; x_wconf 86' lang='lat' dir='ltr'>castella</span> <span class='ocrx_word' id='word_1_121' title='bbox 736 2142 869 2215; x_wconf 88' lang='lat' dir='ltr'>quaedam</span> <span class='ocrx_word' id='word_1_122' title='bbox 891 2139 1044 2214; x_wconf 84' lang='lat' dir='ltr'>ignobilia3</span> <span class='ocrx_word' id='word_1_123' title='bbox 1074 2142 1221 2216; x_wconf 85' lang='lat' dir='ltr'>Abydeni,</span> <span class='ocrx_word' id='word_1_124' title='bbox 1243 2160 1279 2197; x_wconf 90' lang='lat' dir='ltr'>ne</span> <span class='ocrx_word' id='word_1_125' title='bbox 1300 2140 1405 2215; x_wconf 89' lang='lat' dir='ltr'>legatis</span> <span class='ocrx_word' id='word_1_126' title='bbox 1425 2140 1485 2215; x_wconf 88' lang='lat' dir='ltr'>qui·</span> 
     </span>
     <span class='ocr_line' id='line_1_17' title="bbox 425 2244 1484 2320; baseline -0.002 -16"><span class='ocrx_word' id='word_1_127' title='bbox 425 2248 490 2304; x_wconf 91' lang='lat' dir='ltr'>dem</span> <span class='ocrx_word' id='word_1_128' title='bbox 513 2247 656 2316; x_wconf 86' lang='lat' dir='ltr'>admissis,</span> <span class='ocrx_word' id='word_1_129' title='bbox 688 2246 750 2320; x_wconf 89' lang='lat' dir='ltr'>regi</span> <span class='ocrx_word' id='word_1_130' title='bbox 781 2253 883 2319; x_wconf 87' lang='lat' dir='ltr'>portas</span> <span class='ocrx_word' id='word_1_131' title='bbox 915 2244 1088 2302; x_wconf 85' lang='lat' dir='ltr'>clauserunt.</span> <span class='ocrx_word' id='word_1_132' title='bbox 1146 2245 1193 2302; x_wconf 83' lang='lat' dir='ltr'>Ea</span> <span class='ocrx_word' id='word_1_133' title='bbox 1224 2244 1405 2320; x_wconf 87' lang='lat' dir='ltr'>oppugnatio</span> <span class='ocrx_word' id='word_1_134' title='bbox 1439 2244 1484 2302; x_wconf 88' lang='lat' dir='ltr'>diu</span> 
     </span>
     <span class='ocr_line' id='line_1_18' title="bbox 424 2348 1483 2426; baseline -0.001 -18"><span class='ocrx_word' id='word_1_135' title='bbox 424 2352 592 2426; x_wconf 90' lang='lat' dir='ltr'>Philippum</span> <span class='ocrx_word' id='word_1_136' title='bbox 614 2350 714 2420; x_wconf 90' lang='lat' dir='ltr'>tenuit,</span> <span class='ocrx_word' id='word_1_137' title='bbox 736 2348 865 2423; x_wconf 87' lang='lat' dir='ltr'>eripique</span> <span class='ocrx_word' id='word_1_138' title='bbox 888 2367 925 2405; x_wconf 84' lang='lat' dir='ltr'>cx</span> <span class='ocrx_word' id='word_1_139' title='bbox 946 2349 1105 2419; x_wconf 84' lang='lat' dir='ltr'>obsidione,</span> <span class='ocrx_word' id='word_1_140' title='bbox 1127 2350 1157 2405; x_wconf 93' lang='lat' dir='ltr'>ni</span> <span class='ocrx_word' id='word_1_141' title='bbox 1171 2358 1315 2406; x_wconf 87' lang='lat' dir='ltr'>cessatum</span> <span class='ocrx_word' id='word_1_142' title='bbox 1329 2350 1368 2407; x_wconf 90' lang='lat' dir='ltr'>ab</span> <span class='ocrx_word' id='word_1_143' title='bbox 1385 2349 1483 2408; x_wconf 82' lang='lat' dir='ltr'>Attalo</span> 
     </span>
     <span class='ocr_line' id='line_1_19' title="bbox 393 2453 1483 2528; baseline -0.002 -13"><span class='ocrx_word' id='word_1_144' title='bbox 393 2463 453 2515; x_wconf 77' lang='lat' dir='ltr'>let</span> <span class='ocrx_word' id='word_1_145' title='bbox 474 2455 595 2514; x_wconf 89' lang='lat' dir='ltr'>Rhodiis</span> <span class='ocrx_word' id='word_1_146' title='bbox 616 2453 701 2521; x_wconf 87' lang='lat' dir='ltr'>foret,</span> <span class='ocrx_word' id='word_1_147' title='bbox 722 2462 887 2528; x_wconf 92' lang='lat' dir='ltr'>potuerunt.</span> <span class='ocrx_word' id='word_1_148' title='bbox 942 2455 1060 2512; x_wconf 89' lang='lat' dir='ltr'>Attalus</span> <span class='ocrx_word' id='word_1_149' title='bbox 1082 2462 1224 2509; x_wconf 90' lang='lat' dir='ltr'>trecentos</span> <span class='ocrx_word' id='word_1_150' title='bbox 1248 2462 1359 2512; x_wconf 87' lang='lat' dir='ltr'>tantum</span> <span class='ocrx_word' id='word_1_151' title='bbox 1382 2455 1483 2513; x_wconf 85' lang='lat' dir='ltr'>milites</span> 
     </span>
     <span class='ocr_line' id='line_1_20' title="bbox 381 2558 1484 2635; baseline 0 -18"><span class='ocrx_word' id='word_1_152' title='bbox 381 2618 385 2633; x_wconf 68' lang='lat'>,</span> <span class='ocrx_word' id='word_1_153' title='bbox 423 2561 453 2617; x_wconf 92' lang='lat' dir='ltr'>in</span> <span class='ocrx_word' id='word_1_154' title='bbox 473 2560 649 2635; x_wconf 77' lang='lat' dir='ltr'>praesidium,</span> <span class='ocrx_word' id='word_1_155' title='bbox 676 2558 784 2616; x_wconf 85' lang='lat' dir='ltr'>Rhodii</span> <span class='ocrx_word' id='word_1_156' title='bbox 806 2560 1017 2632; x_wconf 88' lang='lat' dir='ltr'>quadriremem</span> <span class='ocrx_word' id='word_1_157' title='bbox 1040 2578 1127 2615; x_wconf 87' lang='lat' dir='ltr'>unam</span> <span class='ocrx_word' id='word_1_158' title='bbox 1150 2578 1188 2615; x_wconf 85' lang='lat' dir='ltr'>ex</span> <span class='ocrx_word' id='word_1_159' title='bbox 1212 2559 1314 2630; x_wconf 89' lang='lat' dir='ltr'>classe,</span> <span class='ocrx_word' id='word_1_160' title='bbox 1336 2578 1426 2633; x_wconf 88' lang='lat' dir='ltr'>quum</span> <span class='ocrx_word' id='word_1_161' title='bbox 1448 2561 1484 2617; x_wconf 82' lang='lat' dir='ltr'>sd</span> 
     </span>
     <span class='ocr_line' id='line_1_21' title="bbox 392 2663 1484 2736; baseline -0.005 -11"><span class='ocrx_word' id='word_1_162' title='bbox 392 2664 573 2725; x_wconf 87' lang='lat' dir='ltr'>8Tenedum</span> <span class='ocrx_word' id='word_1_163' title='bbox 601 2671 706 2730; x_wconf 89' lang='lat' dir='ltr'>staret,</span> <span class='ocrx_word' id='word_1_164' title='bbox 739 2663 887 2719; x_wconf 86' lang='lat' dir='ltr'>miserunt</span> <span class='ocrx_word' id='word_1_165' title='bbox 944 2664 1056 2721; x_wconf 89' lang='lat' dir='ltr'>Eodem</span> <span class='ocrx_word' id='word_1_166' title='bbox 1084 2671 1206 2735; x_wconf 85' lang='lat' dir='ltr'>postea,</span> <span class='ocrx_word' id='word_1_167' title='bbox 1235 2680 1322 2736; x_wconf 93' lang='lat' dir='ltr'>quum</span> <span class='ocrx_word' id='word_1_168' title='bbox 1355 2663 1415 2721; x_wconf 87' lang='lat' dir='ltr'>iam</span> <span class='ocrx_word' id='word_1_169' title='bbox 1436 2663 1484 2719; x_wconf 85' lang='lat' dir='ltr'>vix</span> 
     </span>
     <span class='ocr_line' id='line_1_22' title="bbox 423 2767 1483 2841; baseline 0 -17"><span class='ocrx_word' id='word_1_170' title='bbox 423 2769 595 2824; x_wconf 86' lang='lat' dir='ltr'>sustinerent</span> <span class='ocrx_word' id='word_1_171' title='bbox 616 2767 806 2836; x_wconf 86' lang='lat' dir='ltr'>obsidionem,</span> <span class='ocrx_word' id='word_1_172' title='bbox 828 2777 857 2823; x_wconf 90' lang='lat' dir='ltr'>et</span> <span class='ocrx_word' id='word_1_173' title='bbox 879 2767 942 2841; x_wconf 89' lang='lat' dir='ltr'>ipse</span> <span class='ocrx_word' id='word_1_174' title='bbox 961 2767 1080 2823; x_wconf 83' lang='lat' dir='ltr'>Attalus</span> <span class='ocrx_word' id='word_1_175' title='bbox 1103 2785 1190 2840; x_wconf 92' lang='lat' dir='ltr'>quum</span> <span class='ocrx_word' id='word_1_176' title='bbox 1213 2767 1381 2837; x_wconf 88' lang='lat' dir='ltr'>traiecisset,</span> <span class='ocrx_word' id='word_1_177' title='bbox 1404 2785 1483 2841; x_wconf 88' lang='lat' dir='ltr'>spem</span> 
     </span>
     <span class='ocr_line' id='line_1_23' title="bbox 422 2871 1484 2946; baseline 0.002 -19"><span class='ocrx_word' id='word_1_178' title='bbox 422 2881 534 2928; x_wconf 88' lang='lat' dir='ltr'>tantum</span> <span class='ocrx_word' id='word_1_179' title='bbox 556 2872 656 2929; x_wconf 87' lang='lat' dir='ltr'>auxilii</span> <span class='ocrx_word' id='word_1_180' title='bbox 677 2891 714 2927; x_wconf 85' lang='lat' dir='ltr'>ex</span> <span class='ocrx_word' id='word_1_181' title='bbox 735 2871 899 2946; x_wconf 91' lang='lat' dir='ltr'>propinquo</span> <span class='ocrx_word' id='word_1_182' title='bbox 923 2871 1056 2940; x_wconf 88' lang='lat' dir='ltr'>ostendit,</span> <span class='ocrx_word' id='word_1_183' title='bbox 1082 2889 1176 2944; x_wconf 88' lang='lat' dir='ltr'>neque</span> <span class='ocrx_word' id='word_1_184' title='bbox 1197 2879 1275 2929; x_wconf 86' lang='lat' dir='ltr'>terra</span> <span class='ocrx_word' id='word_1_185' title='bbox 1296 2889 1391 2945; x_wconf 91' lang='lat' dir='ltr'>neque</span> <span class='ocrx_word' id='word_1_186' title='bbox 1412 2871 1484 2929; x_wconf 86' lang='lat' dir='ltr'>mari</span> 
     </span>
     <span class='ocr_line' id='line_1_24' title="bbox 423 2976 646 3033; baseline 0.004 -1"><span class='ocrx_word' id='word_1_187' title='bbox 423 2976 528 3032; x_wconf 86' lang='lat' dir='ltr'>adiutis</span> <span class='ocrx_word' id='word_1_188' title='bbox 550 2977 646 3033; x_wconf 91' lang='lat' dir='ltr'>sociis.</span> 
     </span>
     <span class='ocr_line' id='line_1_25' title="bbox 328 3078 1482 3155; baseline 0 -18"><span class='ocrx_word' id='word_1_189' title='bbox 328 3079 369 3146; x_wconf 80' lang='grc' dir='ltr'>Π</span> <span class='ocrx_word' id='word_1_190' title='bbox 505 3080 642 3155; x_wconf 86' lang='lat' dir='ltr'>Abydeni</span> <span class='ocrx_word' id='word_1_191' title='bbox 651 3081 745 3155; x_wconf 93' lang='lat' dir='ltr'>primo</span> <span class='ocrx_word' id='word_1_192' title='bbox 754 3078 905 3136; x_wconf 88' lang='lat' dir='ltr'>tormentis</span> <span class='ocrx_word' id='word_1_193' title='bbox 913 3096 965 3152; x_wconf 87' lang='lat' dir='ltr'>per</span> <span class='ocrx_word' id='word_1_194' title='bbox 974 3096 1072 3135; x_wconf 89' lang='lat' dir='ltr'>muros</span> <span class='ocrx_word' id='word_1_195' title='bbox 1081 3079 1228 3154; x_wconf 89' lang='lat' dir='ltr'>dispositis</span> <span class='ocrx_word' id='word_1_196' title='bbox 1239 3099 1297 3137; x_wconf 90' lang='lat' dir='ltr'>non</span> <span class='ocrx_word' id='word_1_197' title='bbox 1308 3090 1388 3137; x_wconf 90' lang='lat' dir='ltr'>terra</span> <span class='ocrx_word' id='word_1_198' title='bbox 1398 3080 1482 3137; x_wconf 90' lang='lat' dir='ltr'>modo</span> 
     </span>
     <span class='ocr_line' id='line_1_26' title="bbox 423 3182 1482 3257; baseline 0.003 -17"><span class='ocrx_word' id='word_1_199' title='bbox 423 3185 561 3241; x_wconf 87' lang='lat' dir='ltr'>adeuntes</span> <span class='ocrx_word' id='word_1_200' title='bbox 576 3186 656 3242; x_wconf 91' lang='lat' dir='ltr'>aditu</span> <span class='ocrx_word' id='word_1_201' title='bbox 669 3186 816 3252; x_wconf 87' lang='lat' dir='ltr'>arcebant,</span> <span class='ocrx_word' id='word_1_202' title='bbox 840 3183 892 3238; x_wconf 91' lang='lat' dir='ltr'>sed</span> <span class='ocrx_word' id='word_1_203' title='bbox 907 3182 1024 3241; x_wconf 84' lang='lat' dir='ltr'>navium</span> <span class='ocrx_word' id='word_1_204' title='bbox 1040 3201 1157 3257; x_wconf 89' lang='lat' dir='ltr'>quoque</span> <span class='ocrx_word' id='word_1_205' title='bbox 1175 3184 1327 3241; x_wconf 87' lang='lat' dir='ltr'>stationem</span> <span class='ocrx_word' id='word_1_206' title='bbox 1349 3183 1482 3243; x_wconf 83' lang='lat' dir='ltr'>infestam</span> 
     </span>
     <span class='ocr_line' id='line_1_27' title="bbox 392 3287 1488 3362; baseline -0.002 -13"><span class='ocrx_word' id='word_1_207' title='bbox 392 3294 409 3349; x_wconf 82' lang='lat'>2</span> <span class='ocrx_word' id='word_1_208' title='bbox 422 3290 497 3346; x_wconf 93' lang='lat' dir='ltr'>hosti</span> <span class='ocrx_word' id='word_1_209' title='bbox 509 3288 668 3358; x_wconf 82' lang='lat' dir='ltr'>faciebant3</span> <span class='ocrx_word' id='word_1_210' title='bbox 690 3298 802 3362; x_wconf 90' lang='lat' dir='ltr'>postea,</span> <span class='ocrx_word' id='word_1_211' title='bbox 825 3306 913 3360; x_wconf 90' lang='lat' dir='ltr'>quum</span> <span class='ocrx_word' id='word_1_212' title='bbox 925 3295 954 3343; x_wconf 90' lang='lat' dir='ltr'>et</span> <span class='ocrx_word' id='word_1_213' title='bbox 969 3287 1043 3343; x_wconf 88' lang='lat' dir='ltr'>muri</span> <span class='ocrx_word' id='word_1_214' title='bbox 1057 3306 1125 3360; x_wconf 86' lang='lat' dir='ltr'>pars</span> <span class='ocrx_word' id='word_1_215' title='bbox 1140 3295 1233 3345; x_wconf 88' lang='lat' dir='ltr'>strata</span> <span class='ocrx_word' id='word_1_216' title='bbox 1246 3287 1337 3347; x_wconf 88' lang='lat' dir='ltr'>ruinis</span> <span class='ocrx_word' id='word_1_217' title='bbox 1351 3299 1380 3345; x_wconf 90' lang='lat' dir='ltr'>et</span> <span class='ocrx_word' id='word_1_218' title='bbox 1391 3290 1431 3357; x_wconf 73' lang='lat' dir='ltr'>ad</span> <span class='ocrx_word' id='word_1_219' title='bbox 1440 3290 1488 3347; x_wconf 88' lang='lat' dir='ltr'>iu·-</span> 
     </span>
     <span class='ocr_line' id='line_1_28' title="bbox 422 3391 1482 3468; baseline 0 -19"><span class='ocrx_word' id='word_1_220' title='bbox 422 3394 555 3450; x_wconf 88' lang='lat' dir='ltr'>teriorem</span> <span class='ocrx_word' id='word_1_221' title='bbox 567 3394 673 3468; x_wconf 88' lang='lat' dir='ltr'>raptim</span> <span class='ocrx_word' id='word_1_222' title='bbox 687 3393 852 3467; x_wconf 91' lang='lat' dir='ltr'>oppositum</span> <span class='ocrx_word' id='word_1_223' title='bbox 864 3410 977 3447; x_wconf 89' lang='lat' dir='ltr'>murum</span> <span class='ocrx_word' id='word_1_224' title='bbox 990 3391 1129 3449; x_wconf 86' lang='lat' dir='ltr'>cuniculis</span> <span class='ocrx_word' id='word_1_225' title='bbox 1141 3391 1200 3448; x_wconf 88' lang='lat' dir='ltr'>iam</span> <span class='ocrx_word' id='word_1_226' title='bbox 1215 3403 1387 3466; x_wconf 87' lang='lat' dir='ltr'>perventum</span> <span class='ocrx_word' id='word_1_227' title='bbox 1402 3401 1482 3463; x_wconf 89' lang='lat' dir='ltr'>esset,</span> 
     </span>
     <span class='ocr_line' id='line_1_29' title="bbox 422 3494 1481 3572; baseline 0.005 -21"><span class='ocrx_word' id='word_1_228' title='bbox 422 3496 535 3570; x_wconf 89' lang='lat' dir='ltr'>legatos</span> <span class='ocrx_word' id='word_1_229' title='bbox 567 3497 605 3552; x_wconf 92' lang='lat' dir='ltr'>ad</span> <span class='ocrx_word' id='word_1_230' title='bbox 630 3516 727 3572; x_wconf 91' lang='lat' dir='ltr'>regem</span> <span class='ocrx_word' id='word_1_231' title='bbox 757 3498 793 3553; x_wconf 93' lang='lat' dir='ltr'>de</span> <span class='ocrx_word' id='word_1_232' title='bbox 823 3494 1040 3554; x_wconf 84' lang='lat' dir='ltr'>condicionibus</span> <span class='ocrx_word' id='word_1_233' title='bbox 1068 3496 1216 3552; x_wconf 88' lang='lat' dir='ltr'>tradendae</span> <span class='ocrx_word' id='word_1_234' title='bbox 1237 3497 1316 3553; x_wconf 92' lang='lat' dir='ltr'>urbis</span> <span class='ocrx_word' id='word_1_235' title='bbox 1338 3497 1481 3556; x_wconf 88' lang='lat' dir='ltr'>miserunt</span> 
     </span>
     <span class='ocr_line' id='line_1_30' title="bbox 393 3599 1482 3672; baseline 0.005 -19"><span class='ocrx_word' id='word_1_236' title='bbox 393 3599 652 3659; x_wconf 84' lang='lat' dir='ltr'>3Paciscebantur</span> <span class='ocrx_word' id='word_1_237' title='bbox 682 3611 796 3670; x_wconf 89' lang='lat' dir='ltr'>autem,</span> <span class='ocrx_word' id='word_1_238' title='bbox 829 3608 860 3656; x_wconf 85' lang='lat' dir='ltr'>ut</span> <span class='ocrx_word' id='word_1_239' title='bbox 889 3599 1034 3655; x_wconf 86' lang='lat' dir='ltr'>Rhodiam</span> <span class='ocrx_word' id='word_1_240' title='bbox 1066 3600 1277 3672; x_wconf 84' lang='lat' dir='ltr'>quadriremem</span> <span class='ocrx_word' id='word_1_241' title='bbox 1309 3619 1375 3658; x_wconf 89' lang='lat' dir='ltr'>cum</span> <span class='ocrx_word' id='word_1_242' title='bbox 1399 3601 1482 3660; x_wconf 89' lang='lat' dir='ltr'>sociis</span> 
     </span>
     <span class='ocr_line' id='line_1_31' title="bbox 423 3701 1485 3779; baseline 0.006 -22"><span class='ocrx_word' id='word_1_243' title='bbox 423 3702 575 3758; x_wconf 89' lang='lat' dir='ltr'>navalibus</span> <span class='ocrx_word' id='word_1_244' title='bbox 597 3704 749 3777; x_wconf 87' lang='lat' dir='ltr'>Attalique</span> <span class='ocrx_word' id='word_1_245' title='bbox 771 3701 935 3776; x_wconf 69' lang='lat' dir='ltr'>presidium</span> <span class='ocrx_word' id='word_1_246' title='bbox 958 3702 1049 3759; x_wconf 88' lang='lat' dir='ltr'>emitti</span> <span class='ocrx_word' id='word_1_247' title='bbox 1071 3703 1184 3774; x_wconf 89' lang='lat' dir='ltr'>liceret,</span> <span class='ocrx_word' id='word_1_248' title='bbox 1213 3714 1300 3778; x_wconf 88' lang='lat' dir='ltr'>atque</span> <span class='ocrx_word' id='word_1_249' title='bbox 1321 3705 1393 3779; x_wconf 89' lang='lat' dir='ltr'>ipsis</span> <span class='ocrx_word' id='word_1_250' title='bbox 1415 3707 1485 3763; x_wconf 90' lang='lat' dir='ltr'>urbe</span> 
     </span>
     <span class='ocr_line' id='line_1_32' title="bbox 392 3806 1485 3885; baseline 0.005 -23"><span class='ocrx_word' id='word_1_251' title='bbox 392 3807 563 3863; x_wconf 79' lang='lat' dir='ltr'>‹lcxcedere</span> <span class='ocrx_word' id='word_1_252' title='bbox 594 3825 659 3864; x_wconf 88' lang='lat' dir='ltr'>cum</span> <span class='ocrx_word' id='word_1_253' title='bbox 691 3807 811 3880; x_wconf 83' lang='lat' dir='ltr'>singulis</span> <span class='ocrx_word' id='word_1_254' title='bbox 839 3806 1028 3863; x_wconf 85' lang='lat' dir='ltr'>vestimentis.</span> <span class='ocrx_word' id='word_1_255' title='bbox 1086 3807 1198 3879; x_wconf 81' lang='lat' dir='ltr'>Quibus</span> <span class='ocrx_word' id='word_1_256' title='bbox 1221 3827 1309 3881; x_wconf 91' lang='lat' dir='ltr'>quum</span> <span class='ocrx_word' id='word_1_257' title='bbox 1332 3809 1485 3885; x_wconf 82' lang='lat' dir='ltr'>Philippus</span> 
     </span>
     <span class='ocr_line' id='line_1_33' title="bbox 423 3909 1485 3985; baseline 0.007 -21"><span class='ocrx_word' id='word_1_258' title='bbox 423 3909 494 3965; x_wconf 91' lang='lat' dir='ltr'>nihil</span> <span class='ocrx_word' id='word_1_259' title='bbox 515 3913 613 3985; x_wconf 88' lang='lat' dir='ltr'>pacati</span> <span class='ocrx_word' id='word_1_260' title='bbox 634 3911 690 3967; x_wconf 85' lang='lat' dir='ltr'>nisi</span> <span class='ocrx_word' id='word_1_261' title='bbox 705 3911 803 3967; x_wconf 90' lang='lat' dir='ltr'>omnia</span> <span class='ocrx_word' id='word_1_262' title='bbox 819 3910 1048 3984; x_wconf 90' lang='lat' dir='ltr'>permittentibus</span> <span class='ocrx_word' id='word_1_263' title='bbox 1063 3910 1269 3985; x_wconf 86' lang='lat' dir='ltr'>respondisset,</span> <span class='ocrx_word' id='word_1_264' title='bbox 1291 3913 1366 3970; x_wconf 88' lang='lat' dir='ltr'>adeo</span> <span class='ocrx_word' id='word_1_265' title='bbox 1380 3932 1485 3970; x_wconf 88' lang='lat' dir='ltr'>renuu-</span> 
     </span>
    </p>
   </div>
   <div class='ocr_carea' id='block_1_3' title="bbox 424 3998 1483 4089">
    <p class='ocr_par' dir='ltr' id='par_1_3' title="bbox 424 3998 1483 4089">
     <span class='ocr_line' id='line_1_34' title="bbox 424 3998 1483 4089; baseline 0.006 -20"><span class='ocrx_word' id='word_1_266' title='bbox 424 4013 497 4069; x_wconf 88' lang='lat' dir='ltr'>tiata</span> <span class='ocrx_word' id='word_1_267' title='bbox 517 3998 579 4070; x_wconf 71' lang='lat' dir='ltr'>haec</span> <span class='ocrx_word' id='word_1_268' title='bbox 599 4015 707 4088; x_wconf 88' lang='lat' dir='ltr'>legatio</span> <span class='ocrx_word' id='word_1_269' title='bbox 730 4016 768 4071; x_wconf 89' lang='lat' dir='ltr'>ab</span> <span class='ocrx_word' id='word_1_270' title='bbox 790 4014 989 4088; x_wconf 83' lang='lat' dir='ltr'>indignatione</span> <span class='ocrx_word' id='word_1_271' title='bbox 1011 4014 1096 4070; x_wconf 88' lang='lat' dir='ltr'>simul</span> <span class='ocrx_word' id='word_1_272' title='bbox 1126 4031 1161 4070; x_wconf 86' lang='lat' dir='ltr'>ac</span> <span class='ocrx_word' id='word_1_273' title='bbox 1187 4014 1389 4089; x_wconf 86' lang='lat' dir='ltr'>desperatione</span> <span class='ocrx_word' id='word_1_274' title='bbox 1410 4017 1483 4075; x_wconf 87' lang='lat' dir='ltr'>iram</span> 
     </span>
    </p>
   </div>
   <div class='ocr_carea' id='block_1_4' title="bbox 392 4117 1482 4297">
    <p class='ocr_par' dir='ltr' id='par_1_4' title="bbox 392 4117 1482 4297">
     <span class='ocr_line' id='line_1_35' title="bbox 392 4117 1482 4192; baseline 0.007 -20"><span class='ocrx_word' id='word_1_275' title='bbox 392 4118 571 4188; x_wconf 82' lang='lat' dir='ltr'>baccendit,</span> <span class='ocrx_word' id='word_1_276' title='bbox 604 4126 635 4174; x_wconf 87' lang='lat' dir='ltr'>ut</span> <span class='ocrx_word' id='word_1_277' title='bbox 658 4118 695 4173; x_wconf 92' lang='lat' dir='ltr'>ad</span> <span class='ocrx_word' id='word_1_278' title='bbox 718 4117 910 4192; x_wconf 81' lang='lat' dir='ltr'>Saguntinam</span> <span class='ocrx_word' id='word_1_279' title='bbox 931 4118 1041 4176; x_wconf 88' lang='lat' dir='ltr'>rabiem</span> <span class='ocrx_word' id='word_1_280' title='bbox 1062 4118 1140 4174; x_wconf 85' lang='lat' dir='ltr'>versi</span> <span class='ocrx_word' id='word_1_281' title='bbox 1161 4127 1309 4176; x_wconf 89' lang='lat' dir='ltr'>matronas</span> <span class='ocrx_word' id='word_1_282' title='bbox 1333 4140 1434 4179; x_wconf 89' lang='lat' dir='ltr'>omnes</span> <span class='ocrx_word' id='word_1_283' title='bbox 1453 4121 1482 4179; x_wconf 89' lang='lat' dir='ltr'>in</span> 
     </span>
     <span class='ocr_line' id='line_1_36' title="bbox 424 4222 1480 4297; baseline 0.005 -20"><span class='ocrx_word' id='word_1_284' title='bbox 424 4223 531 4296; x_wconf 89' lang='lat' dir='ltr'>templo</span> <span class='ocrx_word' id='word_1_285' title='bbox 546 4222 660 4291; x_wconf 83' lang='lat' dir='ltr'>Dianae,</span> <span class='ocrx_word' id='word_1_286' title='bbox 681 4240 787 4295; x_wconf 88' lang='lat' dir='ltr'>pueros</span> <span class='ocrx_word' id='word_1_287' title='bbox 804 4222 945 4296; x_wconf 89' lang='lat' dir='ltr'>ingenuos</span> <span class='ocrx_word' id='word_1_288' title='bbox 960 4223 1152 4297; x_wconf 85' lang='lat' dir='ltr'>virginesque,</span> <span class='ocrx_word' id='word_1_289' title='bbox 1173 4222 1297 4280; x_wconf 87' lang='lat' dir='ltr'>infantes</span> <span class='ocrx_word' id='word_1_290' title='bbox 1317 4224 1404 4282; x_wconf 87' lang='lat' dir='ltr'>etiam</span> <span class='ocrx_word' id='word_1_291' title='bbox 1419 4241 1480 4282; x_wconf 86' lang='lat' dir='ltr'>cum</span> 
     </span>
    </p>
   </div>
   <div class='ocr_carea' id='block_1_5' title="bbox 0 0 1746 5025">
    <p class='ocr_par' dir='ltr' id='par_1_5' title="bbox 0 0 1746 5025">
     <span class='ocr_line' id='line_1_37' title="bbox 0 0 1746 5025; baseline 0 2"><span class='ocrx_word' id='word_1_292' title='bbox 0 0 1746 5025; x_wconf 95' lang='lat' dir='ltr'> </span> 
     </span>
    </p>
   </div>
  </div>
 </body>
</html>
