3484 5025
316 690 391 743 pum
422 675 550 727 uniuersi
577 683 776 728 ser-centorum
804 691 894 743 repre,
930 676 1015 730 simut
1052 679 1160 745 equites
1201 677 1376 750 peditesque,

314 770 451 809 summm
472 756 634 825 replessent
656 755 737 825 (‚‚ubi
759 759 885 810 uniuersi
907 755 994 812 dictio
1016 756 1241 829 interciderat“).
1279 759 1377 815 Nemo

313 852 376 890 sene
387 835 540 892 additurus
551 854 614 892 eam
627 854 728 892 vocem
741 849 810 893 erat.
846 837 922 893 Illud
934 847 1064 894 extremo
1076 838 1161 895 huius
1172 840 1376 913 disputationis

311 917 369 972 loco
390 936 551 991 ponamus,
573 918 637 987 illa,
660 936 746 991 quam
769 918 996 989 deelaravimus,
1020 920 1244 995 Bambergensis
1266 922 1375 979 codicis

311 1000 423 1072 propria
451 1000 481 1056 in
508 1001 605 1057 verbis
635 1000 800 1056 omittendis
827 1002 894 1057 labe
921 1003 999 1070 fieri,
1037 1012 1068 1059 nt
1103 1003 1267 1077 suspicione
1299 1004 1376 1061 iusta

310 1090 423 1137 careant
443 1082 589 1149 XXXII,
618 1085 671 1150 tt,
701 1084 738 1138 27
761 1084 823 1139 haee
844 1085 935 1140 verba
956 1086 1064 1140 scilicet
1086 1104 1139 1141 stes
1160 1085 1260 1156 urbes,
1285 1104 1373 1159 quum

308 1165 462 1236 praesertim
485 1166 532 1221 hic
555 1164 690 1221 librarius
713 1183 807 1221 vacuo
828 1166 925 1239 spatio
947 1184 1016 1222 usus
1038 1168 1084 1235 sit,
1106 1178 1135 1223 et
1156 1168 1230 1235 ulia,
1250 1168 1288 1223 ad
1310 1186 1377 1241 quse

308 1246 410 1302 tuenda
438 1265 608 1321 expressum
632 1247 747 1304 Geleuii
776 1259 827 1304 ant
855 1258 922 1322 post
950 1250 1112 1318 XXXIII,
1147 1255 1179 1306 17
1211 1250 1374 1323 Mogentini

306 1327 499 1385 testimoninm
522 1348 579 1385 non
601 1330 750 1386 habemus.

383 1412 498 1478 Restat,
522 1422 554 1467 ut
574 1412 691 1480 eadem,
722 1430 780 1485 qua
804 1412 833 1467 in
855 1413 1007 1487 superibus
1029 1412 1222 1469 voluminibus
1244 1412 1375 1469 fecimus.

305 1492 397 1549 forma
417 1493 579 1551 iudicemus
601 1494 758 1567 scripturae
780 1495 905 1568 exempli
927 1495 1194 1551 Weissenbornieni
1235 1495 1372 1568 (Weidm.

310 1576 400 1637 1860,
430 1576 461 1630 in
483 1576 559 1632 libro
580 1576 708 1633 XXXV
736 1577 824 1648 1862)
852 1596 871 1632 a
891 1586 990 1633 nostro
1013 1577 1146 1651 exemplo
1169 1578 1376 1652 discrepantes,

303 1657 374 1713 lllnd
386 1669 488 1714 tamen
507 1668 574 1713 ante
588 1658 728 1726 dicamne,
746 1678 805 1714 non
824 1659 954 1732 potuisse
971 1659 1001 1715 in
1018 1660 1074 1715 hoc
1096 1660 1243 1717 volumine
1261 1661 1374 1717 servari

303 1749 470 1796 constanter
508 1741 743 1797 consuetudinem
781 1758 904 1809 vocum,
942 1759 1006 1814 quse
1038 1749 1140 1798 eontra
1172 1743 1285 1799 codices
1317 1743 1374 1799 fide

302 1821 401 1895 dignos
417 1822 521 1878 addita
539 1833 614 1892 aunt,
634 1823 793 1879 litterarum
813 1822 911 1879 forma
926 1824 1118 1880 notandorum
1134 1836 1253 1899 propter
1267 1843 1372 1898 parurn

301 1904 383 1976 plena
397 1915 427 1961 et
442 1905 586 1961 interdum
599 1905 710 1962 ineerta
721 1905 758 1960 de
776 1906 809 1961 M
824 1905 998 1962 testimonia.
1039 1906 1075 1961 In
1090 1907 1213 1976 XXXI,
1232 1907 1374 1974 XXXII,

300 1986 456 2056 XXXIII,
489 1990 685 2061 1-17,qnae
707 2005 761 2043 nee
785 1988 814 2043 in
838 1988 864 2043 B
887 1988 989 2044 necin
1011 1987 1181 2062 vulgaribus
1202 1998 1278 2057 snnt,
1301 2006 1373 2045 sane

300 2069 466 2126 coniectura
481 2069 534 2125 niti
550 2070 700 2137 videntur3
725 2081 754 2125 et
779 2078 876 2125 tamen
892 2070 1025 2126 obiicitur
1036 2070 1107 2125 iilud
1121 2071 1244 2140 XXXI,
1263 2074 1312 2139 dl,
1336 2074 1370 2128 13

300 2155 423 2207 minersi
442 2170 460 2207 e
477 2150 594 2209 Gelenii
613 2152 712 2209 codiee
727 2152 936 2226 Bambergensi
958 2153 1029 2226 pari.
1077 2153 1234 2210 Disseusus
1255 2153 1374 2210 uberior

299 2233 418 2290 materia
438 2235 472 2289 fit
492 2233 561 2289 inde
582 2233 697 2290 alibro
719 2234 867 2291 XXXIII
891 2235 986 2291 medio
1008 2234 1055 2290 vel
1077 2236 1173 2308 potius
1193 2255 1211 2291 a
1226 2236 1371 2292 XXXIV

300 2325 419 2390 propter
438 2316 569 2372 codicem
591 2317 633 2375 M.

378 2398 440 2459 bib·
474 2397 562 2459 Im.
623 2396 697 2472 Cap.
728 2399 743 2454 I
750 2440 758 2468 ,
793 2403 810 2455 4
845 2400 1047 2475 quadringenti
1079 2398 1227 2473 octoginta
1259 2407 1371 2472 septem

298 2479 390 2548 (codd.
413 2485 473 2537 ric:
504 2480 686 2538 LXXVIII.
731 2484 836 2538 Liuium
865 2483 921 2539 sibi
941 2487 971 2539 iu
992 2485 1036 2539 lu's
1058 2486 1236 2548 constitisse,
1263 2492 1371 2539 certum

296 2580 350 2618 nea
372 2574 436 2634 ως
460 2565 515 2633 cfr.
535 2567 668 2636 XXXIV,
691 2566 750 2633 54,
772 2565 812 2636 6.)
831 2563 836 2640 l
857 2565 967 2638 primns
989 2567 1034 2638 (B)
1057 2569 1074 2621 8
1098 2567 1199 2637 (causa
1220 2567 1369 2635 Heinsius‚·

297 2647 378 2704 cedd.
408 2665 523 2715 causta,
563 2649 585 2702 B
615 2647 727 2718 causei)
749 2648 796 2715 II,
831 2650 848 2704 6
880 2666 966 2721 quam
992 2649 1096 2705 tribum
1121 2649 1188 2721 (Ep.
1210 2650 1270 2708 Em.
1295 2647 1370 2720 36'6)

300 2731 329 2783 li
362 2727 461 2785 foedns
493 2727 562 2785 feeit
591 2730 668 2801 (edd.
691 2739 760 2787 cett.
810 2732 899 2792 Codd.
932 2730 952 2787 i'.
976 2731 1050 2788 iecit.
1094 2734 1152 2787 Em.
1172 2729 1233 2786 213
1250 2730 1291 2802 a.)
1313 2731 1371 2800 IV,

296 2811 312 2865 2
339 2819 452 2885 praetor
474 2811 555 2868 urbis
585 2813 681 2883 (codd.
704 2813 726 2866 2
747 2813 833 2885 rece.)
864 2817 883 2870 4
911 2813 1033 2888 Sergius
1060 2814 1188 2870 Plancus
1220 2813 1254 2883 (B
1277 2815 1322 2868 bic
1343 2823 1370 2868 et

296 2909 317 2950 c.
336 2895 367 2967 6,
384 2895 416 2962 2,
438 2901 487 2951 cui
500 2898 597 2950 nescio
613 2911 665 2950 car
679 2898 770 2966 mupis
788 2899 817 2950 ia
828 2901 1004 2967 prenomine
1020 2895 1043 2953 O
1060 2915 1145 2968 quum
1158 2899 1189 2950 iu
1204 2899 1369 2967 copnomiue

293 2976 454 3048 pareatur.)
488 2975 534 3047 V,
564 2977 582 3032 2
614 2977 817 3048 (Probabiliter
840 2981 927 3034 Grou.
961 2979 1096 3054 primam)
1128 2980 1145 3033 9
1176 2977 1371 3034 Macedonica

295 3075 393 3115 errore
415 3059 496 3129 VII,
528 3061 545 3115 3
576 3059 690 3115 Punico
710 3063 772 3116 siue
793 3064 874 3117 nucu
904 3063 968 3134 (Μ).
991 3065 1049 3122 Em.
1075 3061 1146 3132 367)
1179 3064 1194 3116 7
1219 3061 1287 3116 inde
1307 3065 1369 3116 sine

295 3145 372 3198 uatis
394 3143 461 3213 (Mp.
483 3144 543 3199 Em.
565 3141 637 3213 368)
668 3143 685 3198 8
708 3160 745 3198 ne
767 3141 865 3202 Carth.
889 3144 934 3217 (B)
952 3147 957 3218 )
976 3143 1139 3217 (ωᾳιιαδίῑίε
1167 3145 1254 3200 semel
1274 3145 1369 3211 cedd,

294 3225 382 3280 breis.
410 3225 570 3280 Gemiannit
597 3226 643 3282 Fr.
666 3225 834 3297 Ineobsius.)
856 3225 945 3294 VIII,
972 3230 981 3281 t
1008 3226 1051 3282 uti
1071 3236 1190 3300 rogaret
1212 3226 1278 3298 (Sip.
1307 3227 1368 3284 Vid.

293 3308 372 3376 prees.
402 3308 461 3362 uel.
490 3308 534 3376 Η,
573 3307 594 3360 2
611 3325 643 3378 p.
664 3309 760 3365 XXVI
787 3310 826 3363 nd
847 3311 940 3377 XXX,
968 3308 1025 3377 43,
1053 3309 1085 3379 3)
1117 3311 1133 3364 3
1166 3327 1201 3363 eo
1233 3308 1370 3376 nuntiari,

293 3387 403 3445 fetiales
427 3388 554 3460 (interp.)
584 3389 602 3444 8
632 3389 766 3462 praesidio
798 3391 865 3461 (Ep.
888 3394 947 3447 Ean.
971 3391 1032 3446 386·
1060 3409 1087 3449 u.
1117 3392 1231 3460 XXVI,
1258 3389 1317 3460 39,
1349 3393 1368 3444 1

293 3477 359 3531 Put.
385 3470 555 3546 praesidium
578 3489 615 3526 es
637 3472 772 3545 praesidi.)
794 3473 859 3540 IX,
895 3478 904 3529 l
933 3473 1095 3529 Ptolomaeo
1124 3473 1163 3544 (et
1184 3476 1226 3527 sic
1247 3472 1318 3527 atita·
1337 3475 1366 3527 iu

293 3555 343 3609 tec
365 3555 476 3610 &cede
499 3572 536 3611 ea
559 3557 582 3610 B
602 3556 750 3626 mendoso)
772 3557 789 3611 3
811 3554 898 3611 liceat
927 3556 1036 3626 (Muret.
1060 3558 1134 3625 Quin
1156 3556 1264 3625 liceret,
1286 3556 1367 3611 uultu

294 3637 434 3694 dubitatio
457 3646 541 3706 eret;
571 3641 669 3709 itaque
692 3641 867 3694 contrariam
895 3647 952 3694 est:
981 3638 1006 3693 si
1033 3636 1155 3709 malint)
1198 3641 1213 3693 t
1244 3637 1368 3712 pecunia

293 3720 390 3776 voveri
420 3719 528 3775 debere
560 3721 625 3792 (Μ).
655 3723 715 3776 Em.
743 3720 820 3788 3683
836 3747 842 3756 ·
859 3721 942 3780 codd.
980 3738 1088 3776 vovere
1120 3719 1234 3782 debere.
1280 3724 1315 3777 In
1344 3724 1366 3777 B

294 3804 380 3858 cerda
403 3820 515 3858 vovere
536 3802 644 3858 debere
665 3802 734 3875 quia
755 3803 880 3876 pecunia
900 3807 929 3858 iu
953 3805 1042 3859 litura
1065 3803 1153 3874 sunt.)
1189 3806 1195 3874 1
1230 3804 1310 3877 (quia
1332 3822 1369 3859 ea

294 3886 401 3941 Bekter
419 3903 435 3940 e
458 3887 492 3941 B:
514 3885 591 3958 qnia.
632 3886 721 3941 Diels.
740 3885 765 3940 si
781 3886 828 3957 ea)
853 3890 889 3942 10
909 3885 1014 3942 totiens
1033 3895 1100 3942 ante
1122 3887 1164 3957 (B.
1176 3889 1367 3958 Epiptenemu

293 3969 362 4025 utne
391 3972 479 4024 inane
506 3977 550 4023 est
572 3985 626 4023 uec
647 3977 755 4024 rectum
775 3968 860 4024 toties
880 3986 935 4041 pro
957 3986 1044 4042 sape,
1067 3969 1145 4042 qued
1167 3979 1273 4025 rectum
1293 3979 1366 4025 esset

294 4054 318 4103 iu
340 4054 577 4122 comparatione,
610 4067 662 4107 cur
694 4068 752 4106 uua
780 4061 808 4107 et
839 4069 916 4108 nuuc
944 4052 1041 4106 eedem
1068 4052 1153 4106 modo
1182 4060 1365 4121 reverentem·

294 4133 344 4200 cfr.
368 4135 425 4191 Cic.
451 4134 487 4188 de
510 4135 563 4203 lep.
585 4151 649 4204 apr.
674 4135 713 4206 11,
746 4135 771 4202 7,
801 4134 847 4191 17.
904 4134 1011 4189 Contra
1036 4136 1105 4190 licii
1131 4137 1204 4189 mori
1235 4138 1365 4189 couneait

294 4215 453 4273 huiusmodi
484 4219 635 4271 annotatio
665 4233 702 4271 ee·
732 4218 854 4272 aureius
884 4215 1035 4272 nauelibue
1065 4216 1211 4288 repetite.)
1246 4215 1309 4285 XI,
1345 4220 1363 4272 3

295 4296 331 4360 L.
361 4298 455 4355 Furio
494 4298 611 4371 pretori
651 4299 745 4368 (redd.
782 4299 842 4367 Csr.
878 4300 938 4359 Em.
967 4300 1008 4354 50
1027 4298 1083 4372 eq.)
1119 4301 1155 4356 12
1186 4297 1211 4354 si
1240 4298 1309 4371 qnid
1337 4298 1364 4354 ei
