3484 5025
614 514 693 563 Liber
708 512 837 563 xxm.
874 512 923 576 (A.
936 511 982 564 oh.
998 512 1069 576 196.)
1256 514 1312 569 119

277 709 407 778 prator
437 700 468 757 in
500 698 643 779 Hispania
677 698 855 768 decesserat,
891 709 920 755 et
947 699 982 759 L.
1013 698 1146 755 Valerius
1175 697 1297 754 Flaccus
1325 696 1354 753 iu

273 803 393 864 baum
425 804 468 865 M.
489 802 616 863 comem
639 802 768 879 Cethegi.
815 804 855 862 Et
883 804 919 876 Q.
947 804 1057 862 Fabius
1085 804 1232 861 Maximus
1263 805 1385 877 augurii

279 920 432 970 mortuns
445 919 489 968 ast
503 910 658 967 admodum
676 909 852 979 adolescens,
872 910 1040 985 priusquam
1053 910 1141 966 ullum
1158 909 1356 984 magistratum

273 1026 431 1093 §apaten
453 1034 507 1074 nee
529 1034 564 1073 eo
585 1034 662 1072 enno
683 1034 776 1090 auger
794 1016 825 1072 in
846 1016 908 1073 eius
928 1016 1022 1074 locum
1045 1026 1089 1073 est
1110 1014 1255 1072 suffectus.

276 1123 292 1176 i
383 1120 511 1179 Comitia
536 1122 603 1179 inde
632 1121 797 1179 consularia
824 1121 924 1178 habita
955 1140 973 1176 a
1004 1122 1046 1183 M.
1071 1122 1209 1178 Marcello
1231 1120 1387 1178 consule?

278 1225 401 1288 nmen
432 1227 563 1285 eonsules
595 1227 630 1284 L.
660 1227 796 1284 Valerius
825 1227 948 1284 Flaccus
985 1236 1014 1284 et
1045 1228 1087 1284 M.
1119 1227 1241 1285 Porcius
1273 1224 1357 1284 Cato.

270 1333 446 1394 rvmures
467 1332 624 1390 indefecti
645 1332 699 1393 Cra
721 1334 847 1391 Manlius
868 1332 976 1404 Vulso,
1006 1335 1085 1409 App.
1108 1332 1247 1391 Claudius
1268 1334 1357 1402 Nero,

270 1431 330 1500 aP.
363 1438 486 1496 Porcius
516 1439 618 1510 Lacu,
646 1436 681 1497 C.
703 1439 855 1497 Fabricius
876 1439 1029 1508 Luscinus,
1063 1438 1094 1495 0.
1116 1438 1227 1495 Atinate
1247 1439 1357 1509 Labeo,

275 1545 331 1607 ἓ.
357 1544 496 1602 Manlius.

271 1661 299 1708 -t
384 1649 433 1707 Eo
443 1667 520 1706 anno
530 1648 626 1705 aediles
638 1648 759 1719 curules,
773 1649 947 1711 M.-Fulvius
958 1650 1094 1707 Nobilior
1105 1661 1134 1707 et
1143 1648 1177 1711 C.
1189 1649 1357 1715 Flaminius,
1371 1660 1388 1716 8

272 1753 387 1818 -mtini
420 1753 514 1811 decies
541 1763 661 1811 centena
689 1754 779 1811 millia
806 1754 880 1811 binis
909 1756 973 1812 aeris
1001 1755 1110 1831 populo
1138 1755 1358 1831 descripserunt

270 1857 331 1924 rial
375 1858 410 1918 C.
441 1860 579 1917 Flaminii
609 1860 727 1917 honoris
760 1878 850 1917 causa
880 1860 970 1936 ipsius
1002 1862 1150 1938 patrisque
1182 1861 1360 1919 advexerant

279 1963 392 2028 {flicnli
415 1967 554 2035 Romam
584 1967 743 2024 Flaminius
768 1966 892 2042 gratiam
922 1967 982 2024 eius
1011 1967 1274 2025 communicaverat
1294 1976 1389 2032 cum9

287 2072 426 2147 audaga
478 2070 555 2128 Ludi
586 2072 710 2130 Romani
742 2083 773 2129 et
803 2072 938 2146 apparati
969 2074 1120 2147 magnifice
1152 2084 1218 2129 sunt
1255 2084 1284 2130 et
1316 2085 1360 2131 ter

270 2178 355 2238 *doti
384 2177 547 2236 instaurati.
603 2178 718 2236 AEdiles
746 2178 854 2252 plebis,
893 2177 946 2237 Cu.
973 2178 1119 2235 Domitius
1148 2179 1360 2236 Ahenobarbus
1377 2190 1411 2243 10

276 2293 329 2344 -nt
366 2280 402 2344 0.
439 2282 606 2342 Scribonius
640 2280 744 2351 Curio,
786 2280 959 2360 [maximus]
998 2282 1102 2340 multos
1137 2284 1288 2358 pecuarios
1323 2283 1361 2339 ad

270 2388 406 2466 ‘populi
430 2390 567 2447 iudicium
594 2389 783 2446 adduxerunt.
830 2389 905 2446 Tres
933 2406 970 2445 ex
997 2388 1041 2444 his
1071 2389 1252 2445 condemnati
1280 2397 1361 2456 sunt3

270 2513 343 2557 ..οι
371 2512 469 2553 aarum
492 2495 650 2553 multaticia
670 2495 791 2570 pecunia
820 2495 910 2552 adem
938 2493 969 2550 in
992 2494 1087 2550 insula
1107 2492 1202 2551 Fauni
1223 2491 1361 2550 fecerunt.

284 2602 380 2663 {audi
402 2603 507 2678 plebeii
527 2623 581 2679 per
600 2603 717 2660 biduum
738 2601 908 2671 instaurati,
940 2612 969 2657 et
997 2601 1112 2676 epulum
1143 2597 1198 2655 fuit
1227 2596 1360 2655 ludorum
1377 2605 1408 2659 ll

270 2710 403 2769 *banea
1288 2755 1291 2760 .

387 2814 424 2875 L.
446 2813 582 2871 Valerius
603 2812 725 2870 Flaccus
747 2822 776 2870 et
796 2815 838 2870 M.
859 2811 981 2870 Porcius
1003 2809 1077 2869 Cato
1106 2810 1236 2869 consules
1264 2809 1358 2867 idibus
1411 2809 1454 2878 43

295 2920 429 2989 Martiis,
452 2938 509 2993 quo
531 2921 576 2976 die
597 2920 796 2994 magistratum
818 2918 957 2988 inierunt,
980 2918 1016 2974 de
1037 2917 1192 2993 provinciis
1214 2934 1300 2991 quum
1324 2916 1361 2972 ad
1374 2897 1532 3018 mhi&

270 3034 436 3085 caenatum
456 3026 632 3096 retulissent,
660 3035 758 3101 patres
780 3032 967 3093 censuerunt,
997 3023 1132 3097 quoniam
1162 3022 1191 3078 in
1219 3021 1391 3096 Hispania2

271 3160 273 3165 ·
296 3142 418 3194 tantum
440 3132 572 3207 glisceret
593 3131 715 3202 bellum,
744 3139 775 3188 ut
795 3130 853 3186 iam
876 3129 1019 3188 consulari
1041 3139 1070 3185 et
1091 3128 1163 3187 duce
1184 3137 1213 3184 et
1235 3129 1361 3185 exercitu

294 3256 380 3315 opus
403 3245 491 3307 esset,
511 3237 639 3313 placere,
661 3237 792 3295 consules
810 3235 984 3312 Hispaniam
1006 3234 1166 3291 citeriorem
1189 3234 1361 3309 Italiamque

294 3341 470 3422 proviumas
491 3351 542 3399 aut
562 3361 732 3418 comparare
758 3342 834 3399 iuter
861 3359 893 3397 se
921 3350 972 3397 aut
997 3340 1111 3404 ·sortiri;
1140 3340 1197 3396 utri
1218 3339 1391 3414 Hispania3

270 3476 272 3483 ·
297 3449 457 3528 provincia
478 3448 635 3518 evenisset,
667 3467 731 3505 eum
762 3448 835 3504 duas
863 3446 991 3520 legiones
1024 3455 1052 3502 et
1083 3446 1243 3521 quindecim
1272 3445 1362 3502 millia

296 3555 541 3626 sociumLatini
566 3554 689 3611 nominis
719 3563 748 3611 et
775 3552 954 3627 octingentos
983 3552 1093 3627 equites
1120 3569 1217 3608 secum
1244 3559 1362 3625 portare

293 3673 332 3722 ut
361 3679 453 3718 naves
482 3661 585 3736 longas
611 3659 713 3735 viginti
740 3659 859 3727 ducere3
896 3657 968 3715 alter
998 3657 1098 3715 consul
1126 3657 1198 3713 duas
1226 3656 1392 3722 scriberet4

295 3767 450 3843 legiones3
478 3767 513 3824 iis
542 3765 669 3825 Galliam
699 3765 820 3822 obtineri
849 3763 1026 3838 provinciam
1056 3763 1126 3820 satis
1155 3782 1232 3834 esse,
1263 3763 1361 3822 fractis

296 3874 441 3952 proximo
463 3890 539 3929 anno
555 3872 708 3929 insubrum
723 3871 919 3943 Boiorumque
934 3869 1046 3928 animis.
1089 3866 1164 3926 Cato
1179 3870 1361 3945 Hispaniam,
1375 3880 1391 3933 5

293 3977 443 4038 ¹Valerius
454 3978 569 4036 Italiam
586 3989 629 4036 est
640 3978 765 4035 sortitus.
813 3977 957 4033 Praetores
969 3975 1072 4031 deinde
1082 3976 1246 4049 provincias
1259 3975 1361 4046 sortiti,

293 4085 340 4147 C·
357 4084 510 4142 Fabricius
525 4084 667 4142 Luscinus
688 4084 838 4151 urbanam,
859 4079 893 4140 G.
911 4080 1028 4138 Atinius
1049 4081 1149 4138 Labeo
1171 4083 1360 4158 peregrinam,

289 4190 361 4252 Gn.
385 4190 511 4248 Manlius
532 4190 625 4248 Vulso
648 4188 790 4259 Siciliam,
823 4189 903 4262 App.
926 4184 1064 4244 Claudius
1086 4189 1166 4246 Nero
1188 4187 1361 4265 Hispaniam
