3484 5025
596 524 677 576 nina
693 524 821 577 mm.
851 521 975 595 (acar.
992 523 1064 585 raa.)
1263 524 1320 579 tas

294 708 349 764 bos
371 725 437 765 esse
449 708 539 777 deos,
560 725 635 782 quos
655 708 759 779 colere,
779 709 914 766 venerari
935 707 1106 784 precarique
1127 706 1253 763 maiores
1275 706 1364 763 vestri

294 810 497 883 instituissent,
520 832 579 901 upa
593 815 670 884 illos,
692 814 741 889 qui
756 814 855 888 pravis
870 822 899 871 et
914 814 1040 871 externis
1057 812 1245 887 religionibus
1260 811 1393 885 captas3

295 928 408 975 mentes
429 918 511 976 velut
531 917 684 977 furialibus
704 920 828 977 stimulis
849 920 888 977 ad
910 938 996 976 omne
1017 920 1110 976 scelus
1135 928 1164 975 et
1187 919 1224 975 ad
1247 936 1362 974 omnem
1398 961 1401 965 .

292 1020 444 1080 libidinem
468 1035 595 1099 agerent.
643 1026 788 1101 Equidem
817 1045 871 1083 uec
898 1025 968 1100 quid
997 1034 1109 1081 taceam
1131 998 1193 1098 'nec
1221 1022 1393 1098 quatenus4

292 1128 467 1203 proloquar,
481 1130 607 1190 invenio.
644 1130 677 1189 Si
692 1131 801 1206 aliquid
816 1131 996 1207 ignorabitis,
1018 1149 1055 1186 ne
1075 1130 1170 1186 locum
1182 1127 1363 1203 negligentias

293 1231 378 1303 dem,
400 1233 426 1292 ti
447 1236 546 1293 omnia
566 1236 728 1307 nudavere,
756 1255 793 1294 ne
813 1237 934 1293 nimium
957 1236 1076 1293 terroris
1098 1234 1246 1292 offundam
1269 1232 1363 1299 vobis,

291 1355 411 1401 versor.
448 1339 593 1415 Quicquid
608 1342 720 1411 dixero,
743 1342 837 1399 minus
854 1361 942 1417 quam
958 1360 1011 1417 pro
1027 1340 1183 1409 atrocitate¹
1201 1348 1229 1396 et
1250 1338 1393 1420 magni-5
1412 1357 1414 1360 ·

291 1444 398 1501 tudine
418 1445 462 1502 rei
483 1446 591 1504 dictum
611 1448 716 1505 scitote
739 1466 818 1517 esse;
848 1457 880 1506 ut
902 1446 939 1503 ad
961 1446 1121 1503 cavendum
1145 1444 1216 1501 satis
1238 1443 1289 1514 sit,
1310 1443 1362 1505 da-

292 1550 376 1608 bitur
397 1558 496 1625 opera'
510 1570 529 1607 a
549 1552 643 1611 nobis.
691 1553 889 1611 Bacchanalia
916 1561 979 1609 tota
1002 1551 1060 1608 iam
1089 1550 1199 1626 pridem
1210 1549 1310 1640 ‘Italia
1335 1549 1393 1605 etii

292 1636 373 1712 nunc
393 1657 568 1731 perturbem
591 1658 678 1714 etiam
702 1658 799 1715 multis
820 1659 892 1716 locis
914 1676 987 1726 esse,
1015 1676 1073 1713 non
1094 1655 1176 1713 fama
1197 1654 1290 1712 solum
1314 1665 1362 1708 au·

293 1761 411 1837 cepisse
431 1780 500 1833 vos,
529 1763 580 1819 sed
603 1763 759 1838 crepitibus
781 1764 868 1820 etiam
891 1762 1107 1837 ululatibusque
1127 1759 1285 1829 nocturnis,
1314 1759 1362 1832 qui

292 1877 457 1944 personant
477 1877 541 1925 tota
562 1870 647 1939 urbe,
669 1879 779 1926 certum
803 1850 921 1937 habeo,
942 1878 1079 1937 ceterum,
1101 1886 1164 1941 qum
1187 1885 1223 1922 ea
1244 1884 1290 1923 res
1316 1866 1362 1934 sit,

292 1958 448 2048 i'guorare3
471 1973 545 2031 alios
566 1974 685 2031 deorum
709 1974 833 2048 aliquem
850 1973 968 2042 cultum,
990 1973 1063 2030 alios
1079 1990 1246 2030 conoessum
1262 1972 1391 2029 ludum?

293 2087 325 2137 et
346 2079 499 2137 lasciviam
522 2080 638 2136 credere
659 2098 733 2150 esse,
747 2083 792 2148 et,
814 2079 1015 2154 qualecunque
1036 2080 1083 2148 sit,
1105 2079 1143 2135 ad
1165 2096 1274 2153 paucos
1296 2096 1362 2151 per·

292 2184 398 2242 tinere,
435 2184 528 2257 Quod·
544 2185 581 2243 ad
603 2185 813 2242 multitudinem
836 2204 936 2241 eorum
960 2185 1070 2254 attinet,
1092 2184 1117 2239 si
1140 2182 1251 2251 dixero,
1271 2180 1393 2241 multas

259 2349 268 2358 p
293 2289 389 2346 millia
420 2291 568 2348 hominum
603 2308 681 2360 esse,
716 2292 793 2348 illico
826 2308 944 2348 necesse
977 2297 1021 2346 est
1053 2286 1272 2356 exterreamini,
1308 2285 1362 2344 nisi

293 2394 470 2464 adiunxero,
492 2395 541 2469 qui
557 2396 715 2470 qualesque
730 2397 796 2476 sint.
833 2396 963 2453 Primum
987 2395 1074 2469 igitur
1090 2393 1238 2450 mulierum
1256 2397 1392 2465 magnai)
1416 2394 1419 2398 ’

295 2519 369 2576 pars
391 2501 451 2571 est,=
466 2511 495 2558 et
515 2500 541 2558 is
561 2490 628 2559 ions
649 2502 718 2558 mali
739 2502 858 2560 huiusce
880 2500 947 2570 fuit3
965 2500 1072 2557 deiude
1094 2498 1230 2556 simillimi
1249 2496 1363 2583 fqniuis

280 2611 406 2674 ,marea
431 2608 554 2682 stuprati
577 2618 605 2679 et
626 2618 877 2682 constupratores,
899 2606 1028 2675 fanatici,
1049 2604 1165 2679 vigiliis,
1189 2604 1267 2672 vinc,
1290 2612 1362 2659 stre·

295 2711 407 2788 pitibus
436 2695 668 2787 clamoribusque
698 2713 846 2770 nocturnis
868 2711 993 2768 attoniti.
1041 2710 1146 2768 Nullas
1169 2710 1263 2766 adhuc
1286 2709 1363 2765 vires
1380 2717 1414 2769 10

295 2817 476 2888 coniuratio,
504 2829 630 2876 ceterum
659 2820 865 2888 incrementum
895 2819 996 2893 ingens
1024 2816 1129 2873 virium
1153 2815 1255 2881 habet,
1285 2813 1363 2887 quod

294 2923 327 2981 in
343 2924 406 2980 dies
420 2925 518 2999 pluras
537 2927 619 2985 fiunt.
656 2925 785 2982 Maiores
806 2923 896 2998 vestri
917 2942 954 2980 ne
975 2940 1029 2979 vos
1052 2921 1178 2996 quidem,
1199 2916 1255 2977 nisi
1275 2939 1362 2994 quum
1379 2929 1411 2982 ll

296 3041 350 3086 aut
372 3029 480 3086 vexillo
501 3031 530 3087 iu
554 3051 621 3088 arce
643 3032 739 3107 posito
762 3030 943 3088 comitiorum
967 3047 1061 3089 eausa
1079 3029 1222 3087 exercitus
1244 3027 1364 3084 eductus

295 3143 390 3201 esset,
420 3145 471 3192 aut
496 3136 574 3210 plebi
603 3137 755 3195 concilium
784 3135 891 3193 tribuni
915 3135 1086 3203 edixissent,
1114 3142 1165 3189 eut
1193 3132 1298 3206 aliquis
1327 3150 1364 3188 ex

296 3216 518 3316 magistratibus
540 3242 578 3297 ad
595 3243 765 3300 'contionem
788 3249 932 3309 vocasset,
954 3238 1030 3296 forte
1052 3248 1159 3294 temere
1181 3235 1259 3292 coire
1280 3219 1364 3291 volu?

296 3355 392 3416 eruut,
414 3357 452 3414 et,
474 3347 638 3421 ubicunque
658 3347 811 3421 multitudo
833 3352 918 3414 esset,
940 3343 979 3400 ibi
1002 3352 1031 3400 et
1044 3341 1204 3418 legitimum
1221 3350 1362 3397 rectorem

296 3451 490 3509 multitudinis
511 3453 668 3522 censebant
688 3453 794 3510 debere
818 3470 890 3510 esse.
928 3447 1037 3522 Quales
1059 3447 1184 3522 primum
1206 3455 1363 3502 nocturnos
1380 3446 1415 3502 12

296 3567 406 3626 cretus,
433 3557 538 3615 deiude
559 3558 739 3632 promiscuos
762 3556 913 3613 mulierum
936 3572 974 3635 8οι
993 3552 1120 3610 virorum
1144 3545 1364 3610 esse'creditis?

298 3665 341 3733 Si,
364 3664 469 3739 quibus
490 3663 624 3721 aetatibus
644 3663 793 3720 initientur
815 3678 920 3730 mares,
942 3659 1050 3729 sciatis,
1071 3676 1128 3714 non
1152 3660 1287 3716 misereat
1310 3675 1364 3713 vos
1380 3658 1414 3715 13

298 3789 400 3828 eorum
426 3770 536 3840 solum,
565 3770 617 3828 sed
645 3771 732 3828 etiam
761 3769 879 3844 pudeat.
932 3767 999 3823 Hoc
1026 3774 1209 3844 sacramento
1235 3762 1364 3820 initiatos

298 3859 419 3932 iuvenes
442 3875 545 3932 milites
572 3875 722 3957 faciendos
748 3873 886 3941 censetis,
918 3868 1065 3943 Quirites?
1101 3869 1136 3926 iis
1168 3888 1204 3926 ex
1238 3869 1372 3924 obsceno

276 3995 281 4006 ·
299 3981 430 4040 sacrario
454 3981 564 4038 eductis
586 4000 669 4037 arma
690 3967 916 4038 committenda?
949 3977 1000 4045 Hi,
1021 3976 1152 4050 cooperti
1173 3975 1281 4049 stupris
1304 3974 1363 4050 suis
1380 3977 1415 4030 14

299 4087 474 4162 alienisque,
510 4105 564 4162 pro
594 4087 733 4163 pudicitia
762 4084 917 4158 coniugum
951 4101 986 4140 ac
1017 4083 1174 4139 liberorum
1201 4088 1364 4136 vestrorum

298 4191 379 4251 ierro
402 4191 576 4251 decernent?
612 4193 710 4249 Minus
731 4200 829 4248 tamen
848 4197 941 4262 esset,
973 4188 999 4245 si
1019 4187 1136 4262 flagitiis
1161 4195 1273 4243 tentum
1295 4184 1364 4242 effe·
1420 4177 1459 4249 16

298 4298 401 4361 minati
425 4297 522 4356 forent
552 4299 693 4374 (ipsorum
722 4296 754 4354 id
776 4313 884 4372 magna
912 4312 949 4352 ex
970 4303 1054 4370 parte
1077 4293 1203 4351 dedecus
1226 4292 1317 4364 erat),
1347 4310 1365 4347 a
