3484 5025
491 502 530 559 24
748 501 827 551 Liber
844 500 943 551 XXXI.
981 500 1029 564 (A.
1043 514 1067 549 u.
1081 514 1105 553 c.
1118 499 1192 563 554.)

449 704 508 742 non
536 684 626 745 tulere
652 686 789 761 impetum
810 687 1006 745 Romanorum
1029 685 1148 742 militum
1170 684 1251 760 regii.
1300 685 1385 742 Multi
1408 704 1444 742 ex
1466 684 1498 741 iis

421 791 547 861 Soccisi,
573 790 669 866 plures
699 791 785 866 capti.
839 792 976 866 Legatos,
1005 792 1140 849 incolumi
1167 791 1293 849 exercitu
1323 790 1442 846 reducto
1464 788 1498 846 ed

450 896 606 967 consulem,
628 897 780 954 remittitur
801 896 867 953 inde
889 897 1033 972 extemplo
1056 897 1092 953 ad
1114 896 1244 955 classem.

356 998 404 1069 28
534 1003 600 1061 Hac
627 1002 698 1060 satis
725 1001 801 1060 felici
830 1003 1011 1078 expeditione
1042 1002 1117 1059 bello
1146 1002 1313 1070 commisso,
1343 998 1436 1075 reguli
1468 1017 1499 1056 ac

450 1108 593 1184 principes
613 1108 718 1165 accola
738 1109 930 1167 Macedonum
952 1109 981 1166 in
1004 1118 1099 1167 castra
1120 1110 1252 1165 Romana
1265 1105 1394 1176 veniunt,
1415 1106 1499 1163 Pleu·
1520 1133 1523 1138 ·

450 1222 530 1271 ratus
558 1212 723 1272 Scerdilaedi
748 1215 823 1272 filius
848 1225 876 1272 et
904 1215 1093 1291 Amynander
1120 1216 1315 1296 Athamanum
1343 1230 1397 1268 rex
1418 1220 1447 1268 et
1466 1230 1499 1269 ex

365 1297 371 1306 ³
421 1319 598 1377 2Dardanis
624 1320 699 1378 Bato
727 1321 856 1396 Longari
884 1321 972 1391 filius,
1001 1321 1105 1380 bellum
1134 1338 1186 1377 suo
1212 1319 1327 1375 nomine
1350 1319 1498 1393 Longarus

450 1444 516 1483 cum
537 1425 695 1494 Demetrio,
717 1425 844 1502 Philippi
865 1435 957 1501 patre,
976 1437 1113 1501 gesserat.
1161 1423 1366 1482 Pollicentibus
1395 1426 1498 1484 auxilia

450 1532 599 1607 respondit
620 1532 728 1602 consul,
757 1531 963 1588 Dardanorum
984 1540 1013 1588 et
1041 1530 1169 1589 Pleurati
1189 1549 1287 1604 opera,
1310 1550 1399 1605 quum
1421 1550 1497 1589 exer·

420 1636 539 1694 3citum
561 1636 590 1693 in
608 1636 808 1709 Macedoniam
831 1636 986 1703 induceret,
1008 1656 1039 1694 se
1061 1655 1191 1706 usurum,
1213 1612 1406 1713 Amynandro
1417 1638 1497 1695 AEto-

452 1742 497 1800 los
518 1742 705 1801 concitandos
734 1741 772 1798 ad
798 1743 903 1800 bellum
933 1744 1072 1802 attribuit.
1121 1743 1215 1801 Attali
1246 1743 1349 1818 legatis
1378 1742 1462 1821 (nam
1479 1740 1497 1798 ii

454 1868 569 1924 quoque
590 1868 643 1925 per
670 1848 699 1905 id
721 1858 832 1923 tempus
854 1847 1006 1927 venerant)
1029 1848 1153 1920 mandat,
1182 1858 1213 1904 ut
1233 1849 1351 1923 AEginae
1372 1868 1434 1918 rex,
1454 1847 1497 1905 ubi

453 1954 633 2025 hibernabat,
656 1954 777 2012 classem
799 1956 960 2011 Romanam
984 1954 1169 2031 opperiretur,
1192 1972 1249 2028 qua
1271 1955 1407 2012 adiuncta
1429 1954 1495 2012 bello

422 2055 607 2131 4ma1itimo,
628 2061 702 2117 sicut
723 2071 798 2130 ante,
819 2060 986 2136 Philippum
1005 2069 1127 2134 urgeret.
1166 2061 1216 2117 Ad
1236 2062 1366 2119 Rhodios
1390 2079 1496 2137 quoque
1527 2127 1529 2136 Ι

453 2166 534 2223 missi
554 2166 651 2242 legati,
672 2174 704 2222 ut
718 2176 899 2241 capesserent
914 2176 1022 2241 partem
1036 2165 1113 2223 belli.
1149 2168 1211 2224 Nec
1223 2168 1374 2243 Philippus
1389 2167 1496 2243 segnius
1526 2227 1529 2264 Ι

424 2266 525 2346 5(iam
546 2272 621 2329 enim
635 2272 663 2329 in
677 2272 878 2329 Macedoniam
891 2278 1072 2347 pervenerat)
1084 2273 1246 2346 apparabat
1257 2274 1373 2335 bellum.
1399 2274 1496 2332 Filium
1519 2267 1529 2362 l

453 2381 572 2449 Persea,
599 2397 720 2453 puerum
750 2380 919 2446 admodum,
951 2376 1026 2433 datis
1055 2396 1091 2434 ex
1113 2378 1269 2436 amicorum
1292 2400 1427 2452 numero,
1455 2378 1496 2455 qui
1525 2413 1529 2472 ᾗ

454 2495 567 2543 atatem
590 2484 649 2542 eius
670 2494 810 2560 regerent,
837 2504 900 2544 cum
921 2492 1004 2557 parte
1027 2484 1174 2558 copiarum
1197 2485 1234 2541 ad
1257 2487 1431 2545 obsidendes
1452 2504 1494 2544 an·
1524 2495 1529 2527 ⁴

424 2584 441 2639 θ
453 2591 573 2668 gustias,
596 2610 659 2665 quae
680 2590 717 2646 ad
739 2590 925 2667 Pelagoniam
948 2600 1022 2659 sunt,
1046 2590 1141 2649 mittit.
1187 2589 1334 2650 Sciathum
1357 2603 1386 2651 et
1409 2595 1494 2669 Pepa-

435 2699 581 2768 rethum,
611 2694 688 2753 haud
715 2694 853 2769 ignobiles
882 2695 983 2765 urbes,
1009 2714 1045 2751 ne
1072 2695 1157 2753 classi
1188 2699 1312 2756 hostium
1335 2700 1439 2775 praedae
1467 2715 1494 2756 ac

452 2804 570 2879 praemio
592 2809 696 2869 essent,
718 2801 811 2862 diruit,
855 2801 905 2859 Ad
921 2800 1039 2859 AEtolos
1061 2802 1147 2859 mittit
1168 2802 1288 2877 legatos,
1312 2825 1349 2864 ne
1369 2825 1438 2882 gens
1458 2805 1493 2862 in·
1519 2792 1529 2857 'l

454 2910 552 2985 quieta
576 2909 702 2964 adventu
723 2910 919 2965 Romanorum
940 2908 1024 2964 fidem
1047 2918 1179 2968 mutaret.

397 3005 441 3074 29
536 3012 695 3072 Concilium
720 3012 883 3071 AEtolorum
906 3023 983 3070 stata
1005 3013 1059 3084 die,
1081 3015 1158 3088 quod
1180 3014 1369 3072 Panaetolium
1390 3021 1492 3082 vocant,

453 3121 581 3180 futurum
605 3130 677 3177 erat.
720 3119 795 3177 Huic
818 3128 849 3174 ut
870 3130 1059 3189 occurrerent,
1088 3131 1115 3177 et
1140 3121 1215 3196 regis
1237 3121 1324 3196 legati
1346 3122 1401 3179 iter
1422 3139 1492 3177 acce·

453 3226 594 3298 lerarunt,
632 3235 660 3283 et
691 3245 709 3282 a
735 3223 852 3281 consule
884 3224 986 3281 missus
1015 3225 1050 3282 L.
1080 3227 1185 3283 Furius
1218 3227 1361 3302 Purpurio
1393 3227 1491 3302 legatus

423 3333 546 3403 2venit;
567 3331 782 3392 Atheniensium
806 3348 921 3404 quoque
944 3330 1031 3405 legati
1053 3331 1090 3388 ad
1108 3332 1137 3388 id
1149 3331 1298 3389 concilium
1310 3341 1490 3391 occurremnt

453 3437 545 3494 Primi
566 3438 748 3506 Macedones,
771 3455 834 3492 cam
858 3435 960 3511 quibus
982 3436 1205 3494 recentissimum
1230 3437 1323 3494 foedus
1354 3449 1430 3511 erat,
1450 3457 1491 3495 aa·

423 3543 505 3604 3diti
536 3554 611 3604 sunt.
667 3542 724 3616 Qui
757 3541 835 3598 nulla
862 3560 940 3599 nova
967 3562 999 3599 re
1030 3541 1098 3598 nihil
1130 3559 1161 3597 se
1182 3542 1251 3597 novi
1272 3546 1394 3616 habere,
1426 3541 1491 3620 quod

376 3703 379 3707 .
416 3705 418 3708 ,
453 3647 597 3719 afferrent,
618 3649 763 3717 dixerunt,
785 3648 888 3723 quibus
910 3647 983 3704 enim
999 3648 1034 3704 de
1049 3646 1150 3716 causis,
1173 3657 1291 3722 experta
1305 3650 1398 3708 inutili
1410 3650 1491 3708 socie·

453 3765 513 3813 tate
534 3757 675 3822 Romana,
696 3772 798 3828 pacem
820 3771 883 3809 cum
900 3753 1035 3827 Philippo
1046 3752 1188 3821 fecissent,
1211 3756 1399 3830 compositam
1416 3752 1492 3813 semel

423 3865 554 3937 lpacem
568 3879 684 3918 servare
702 3877 751 3916 eos
772 3860 885 3916 debere.
918 3861 986 3930 „An
1004 3857 1129 3914 imitari‘
1140 3858 1233 3932 inquit
1254 3876 1326 3915 unus
1350 3879 1387 3916 ex
1402 3857 1492 3935 legatis

454 3969 669 4036 „Romanorum
697 3965 855 4035 licentiam,
884 3984 922 4021 an
951 3963 1097 4020 levitatem
1130 3964 1239 4034 dicam,
1270 3965 1426 4023 mavultis?
1454 3961 1494 4040 qui

454 4092 542 4147 quum
562 4071 665 4146 legatis
687 4072 789 4128 vestris
800 4073 901 4128 Romae
921 4069 1089 4145 responderi
1110 4070 1151 4127 ita
1172 4071 1333 4128 iussissent:
1354 4071 1452 4145 „Quid
1464 4067 1496 4127 ed

452 4196 506 4236 nos
527 4177 639 4245 venitis,
659 4175 763 4246 AEtoli,
783 4176 844 4232 sine
860 4195 982 4251 quorum
994 4176 1164 4234 auctoritate
1174 4196 1273 4252 pacem
1286 4194 1351 4234 cum
1367 4175 1507 4253 Philippo'

423 4282 599 4342 5fecistis?“
620 4282 707 4338 iidem
728 4300 812 4351 nunc,
834 4292 866 4339 ut
887 4282 991 4339 bellum
1006 4299 1103 4339 secum
1124 4281 1262 4344 adversus
1274 4282 1442 4359 Philippum
1455 4302 1499 4360 gs·
