3484 5025
473 502 511 558 58
528 553 530 557 ,
725 496 803 547 Liber
819 496 934 547 XXXII.
970 497 1017 561 (A.
1031 512 1057 548 u.
1069 512 1092 548 e.
1106 498 1189 560 abt.)

401 680 544 739 ianimos
571 698 671 737 eorum
698 680 729 737 in
756 688 905 756 posterum
935 680 1077 741 conciliat.
1133 680 1232 739 Missis
1262 672 1367 741 dando
1391 682 1492 742 nuntiis

431 784 606 862 Corcyram,
634 795 667 843 ut
696 786 837 844 onerariae
860 804 951 844 naves
972 786 1001 842 in
1025 786 1119 843 sinum
1142 786 1274 843 venirent
1294 786 1492 859 Ambracium,

429 890 492 965 ipse
511 908 683 966 progressus
704 890 824 949 modicis
845 891 995 948 itineribus
1017 899 1130 965 quarto.
1143 890 1190 947 die
1202 890 1233 947 in
1250 899 1350 949 monte
1365 889 1492 952 Cercetio

399 995 527 1071 8posuit
547 1005 654 1066 castra,
675 996 777 1054 eodem
800 996 992 1071 Amynandro
1016 1014 1081 1054 oum
1102 994 1162 1052 suis
1176 995 1292 1054 auxiliis
1312 996 1418 1068 accito,
1438 1005 1492 1056 noh

429 1108 489 1157 tam
511 1100 616 1157 virium
638 1100 701 1158 eius
721 1119 818 1177 egens,
841 1118 929 1173 quam
951 1110 984 1158 ut
1004 1102 1091 1158 duces
1112 1099 1142 1156 in
1159 1101 1345 1158 Thessaliam
1366 1102 1492 1162 haberet

429 1206 479 1264 Ab
489 1206 592 1263 eodem
603 1204 724 1263 consilio
739 1211 767 1261 et
777 1204 906 1279 plerique
917 1204 1105 1281 Epirotarum
1123 1203 1281 1261 voluntarii
1300 1206 1378 1264 inter
1388 1206 1492 1266 auxilia

337 1306 377 1375 15
429 1312 550 1386 accepti.
597 1310 727 1369 Primam
759 1310 859 1367 orbem
881 1310 1041 1367 Thessalia
1063 1309 1233 1367 Phaloriam
1263 1318 1308 1368 est
1329 1328 1492 1387 aggressus.

429 1416 499 1472 Duo
511 1414 600 1472 millia
611 1416 805 1474 Macedonum
826 1416 857 1472 in
878 1414 1012 1491 prasidio
1034 1415 1171 1484 habebat,
1194 1414 1243 1489 qui
1264 1415 1360 1490 primo
1382 1432 1492 1474 summa

428 1520 459 1577 vi
480 1521 660 1593 restiterunt,
682 1530 820 1597 quantum
844 1539 936 1591 arma,
958 1529 1097 1594 quantum
1120 1520 1232 1578 moenia-
1247 1520 1323 1578 tueri
1344 1529 1492 1596 poterant;

398 1618 480 1682 trad
504 1626 684 1701 oppugnatio
707 1626 859 1696 continua,
889 1643 947 1682 non
975 1636 1069 1698 nocte,
1094 1645 1154 1683 non
1177 1626 1224 1683 die
1245 1625 1384 1696 remissa,
1407 1644 1492 1700 quum

429 1730 580 1787 consalin
602 1750 636 1787 eo
658 1731 732 1788 verti
754 1731 885 1788 crederet
906 1739 1066 1789 ceterorum
1089 1733 1298 1791 Thessalorum
1321 1730 1449 1800 animos,
1468 1728 1492 1786 si

428 1835 514 1911 primi
538 1835 596 1892 vim
608 1838 771 1894 &menam
791 1856 848 1893 non
870 1836 1081 1907 sustinuissent,
1102 1834 1172 1893 vicit
1193 1836 1385 1910 pertinaciam
1396 1837 1490 1893 Mace·

397 1934 415 1990 3
428 1940 545 1998 donum.
594 1939 690 2016 Capta
704 1940 854 2012 Phaloria,
877 1941 965 2016 legati
980 1961 998 1998 a
1008 1941 1166 2016 Metropoli
1178 1950 1207 1998 ει
1222 1960 1239 1998 a
1251 1941 1340 1999 Pirea
1358 1940 1492 2026 dedentes

428 2045 515 2101 urbes
543 2057 701 2116 venerunt;
743 2048 829 2104 venia
857 2047 964 2103 eisdem
997 2047 1160 2121 petentibus
1189 2047 1285 2104 datur.
1355 2044 1487 2104 Phaloria

398 2147 545 2206 linoensa
573 2168 608 2208 ac
639 2152 752 2226 direpta
781 2161 833 2209 est.
884 2152 962 2209 Inde·
979 2152 1130 2227 AEginium
1158 2152 1245 2227 petit3
1266 2168 1365 2225 -quem
1397 2150 1485 2210 locum

428 2273 515 2329 quum
548 2256 593 2313 vel
623 2257 737 2313 modico
765 2257 899 2331 prasidio
930 2266 1023 2313 tutum
1054 2275 1089 2313 ac
1118 2274 1210 2331 prope
1238 2256 1483 2332 inexpugnabilem

427 2360 556 2429 vidisset,
577 2362 679 2437 paucis
700 2362 729 2418 in
751 2362 905 2419 stationem
928 2363 1092 2437 proximam
1115 2360 1179 2417 telis
1196 2359 1333 2418 coniectis
1349 2361 1388 2417 ad
1400 2360 1483 2420 Gom·

348 2497 351 2502 «
398 2462 551 2539 ephorum
588 2466 735 2540 regionem
767 2485 873 2542 agmen
903 2468 999 2525 vertit.
1057 2468 1279 2541 Degressusque
1310 2465 1341 2522 in
1375 2482 1483 2542 campos

428 2570 598 2640 Thessalia,
620 2589 708 2644 quum
723 2572 780 2628 iam
798 2573 896 2629 omnia
908 2571 1045 2629 exercitui
1060 2571 1202 2642 deessent,
1225 2570 1294 2645 quia
1304 2571 1483 2647 Epirotarum

427 2683 598 2749 pepercerat
619 2676 712 2750 agris,
734 2677 888 2751 explorato
911 2686 995 2746 ante,
1033 2687 1127 2734 utrum
1149 2677 1314 2735 Leucadem
1338 2697 1376 2734 an
1399 2678 1483 2734 sinum

397 2777 618 2838 dAmbraeium
649 2783 789 2839 oneraria
817 2782 991 2851 tenuissent,
1022 2781 1227 2839 frumentatum
1251 2782 1440 2840 Ambraciam
1458 2780 1483 2837 iu

427 2885 519 2942 vicem
542 2887 676 2944 cohortes
699 2887 791 2957 misit3
814 2896 842 2944 et
864 2895 908 2944 est
928 2887 983 2943 iter
1007 2907 1025 2944 a
1049 2887 1194 2963 Gomphis
1207 2889 1400 2946 Ambraciam
1420 2887 1484 2945 sicut

398 2989 413 3042 7
427 2990 595 3065 impeditum
611 3011 646 3050 ao
667 2991 793 3063 difficile,
814 2993 856 3050 ita
877 2992 972 3067 spatio
988 2992 1130 3068 perbrevi.
1177 2994 1258 3050 Intra
1271 3012 1383 3069 paucos
1395 2994 1483 3069 itaque

428 3095 489 3151 dies
509 3098 680 3154 transvectis
695 3097 801 3154 amari
823 3098 1032 3155 commeatibus
1054 3097 1165 3173 repleta
1187 3098 1267 3154 omni
1289 3116 1386 3155 rerum
1409 3096 1483 3172 copia

396 3197 493 3256 8sunt
515 3209 620 3258 castra.
663 3203 736 3259 Inde
754 3204 895 3260 Atracem
917 3213 961 3261 est
981 3201 1144 3278 profectus;
1166 3203 1265 3260 decem
1287 3202 1380 3260 ferme
1404 3201 1483 3260 millia

427 3304 464 3361 ab
495 3304 601 3362 Larisa
629 3307 725 3377 abest3
755 3326 792 3364 ex
815 3307 988 3366 Perrhaebia
1016 3307 1129 3363 oriundi
1159 3316 1239 3377 sunt;
1266 3309 1324 3365 sita
1353 3319 1397 3366 est
1423 3307 1483 3365 urbs

395 3409 513 3484 9super
534 3412 664 3468 Peneum
686 3431 810 3472 amnem.
854 3413 936 3470 Nihil
957 3413 1138 3488 trepidavere
1151 3413 1286 3470 Thessali
1308 3413 1347 3471 ad
1368 3415 1483 3490 primum

426 3515 581 3571 adventum
606 3519 822 3587 Romanorum
848 3526 877 3574 et
898 3518 1052 3592 Philippus
1074 3519 1149 3592 siout
1170 3518 1200 3575 in
1222 3519 1407 3577 Thessaliam
1428 3520 1483 3595 ipss

425 3620 562 3694 progredi
591 3639 650 3679 non
680 3624 820 3693 audebat,
853 3624 895 3679 ita
923 3623 1000 3679 intra
1027 3625 1139 3698 Tempe
1166 3622 1279 3679 stativis
1309 3625 1428 3698 positis,
1455 3631 1482 3687 ut

426 3724 548 3799 quisque
573 3726 655 3784 locus
687 3729 725 3785 ab
752 3730 836 3785 hoste
864 3729 1047 3800 tentabatur,
1079 3728 1214 3804 prasidio
1239 3747 1293 3803 per
1323 3731 1482 3788 occasiones

425 3829 631 3886 summittebat.

333 3929 373 3998 ld
510 3934 571 3993 Sub
598 3934 674 3992 idem
705 3934 767 3993 fero
788 3947 917 4013 tempus,
950 3957 1008 4012 quo
1037 3937 1140 3995 consul
1160 3939 1301 3997 adversus
1323 3940 1485 4018 Philippum

395 4038 549 4114 lprimum
574 4041 603 4097 in
625 4041 708 4116 Epiri
728 4041 861 4100 faucibus
884 4044 981 4120 posuit
1002 4052 1108 4113 castra,
1130 4052 1159 4100 ει
1177 4045 1210 4102 L.
1227 4044 1380 4117 Quinctius
1400 4045 1487 4104 frater

426 4145 561 4216 consulis,
582 4147 628 4202 cui
650 4147 751 4205 classis
773 4167 843 4205 cura
864 4148 1073 4224 maritimaque
1087 4148 1308 4223 oraeimperium
1321 4152 1488 4208 mandatnm

426 4250 463 4307 ab
477 4260 659 4323 senatuerat,
673 4271 737 4311 cum
744 4253 857 4312 duabus
866 4253 1120 4329 quinqueremibus
1127 4253 1286 4330 Corcyram
1299 4263 1492 4322 transvectos.
