3484 5025
563 495 643 546 Liber
655 496 783 548 XXXIX.
820 498 867 560 (A.
882 496 944 549 chr.
961 498 1033 560 186.)
1231 504 1287 560 175

348 680 480 739 Peneos
503 680 575 750 dies,
596 680 702 755 quibus
723 682 785 739 haec
806 681 1001 758 exHispauia
1021 683 1153 740 nuntiata
1175 696 1250 754 sunt,
1271 683 1331 742 ludi
1385 678 1426 747 22

260 784 367 845 Taurii
388 804 443 861 per
471 786 590 843 biduum
613 783 683 844 facti
704 786 852 861 religionis
880 805 979 844 causa.
1027 783 1198 863 Apparatos
1228 784 1332 846 deindo

258 891 348 950 ludos
374 892 417 950 M.
447 891 579 959 Fulvius,
607 910 681 967 quos
706 902 830 950 voverat
858 893 991 951 AEtolico
1012 893 1099 964 bello,
1128 893 1204 954 fecit.
1246 895 1361 973 Multi2

254 996 390 1056 'artificas
416 1015 454 1064 ex
483 995 600 1055 Graecia
620 1009 761 1055 venerunt
786 998 908 1055 honoris
936 998 998 1055 eius
1025 1017 1130 1068 causa3
1158 1000 1331 1057 athletarum

259 1120 382 1178 quoqne
420 1110 567 1158 certamen
602 1111 661 1159 tum
702 1103 797 1179 primo
833 1103 975 1161 Romanis
1006 1104 1172 1177 spectaculo
1204 1104 1268 1174 fuit,
1304 1114 1333 1163 et

258 1207 381 1266 venatio
409 1208 479 1265 data
506 1208 622 1265 leonum
646 1218 675 1265 et
701 1210 919 1283 pantherarum,
941 1218 969 1265 et
999 1228 1091 1284 prope
1117 1210 1201 1266 huius
1235 1210 1332 1268 sarculi

259 1314 351 1389 copia
372 1333 408 1371 ac
430 1313 573 1371 varietate
593 1314 734 1371 ludicrum
750 1314 926 1371 celebratum
939 1323 991 1370 est.
1029 1309 1361 1373 Novcudiale⁴deiude3

259 1437 380 1495 aarum
402 1419 503 1489 tenuit,
525 1420 604 1493 quod
625 1419 655 1476 in
676 1420 786 1476 Piceno
807 1438 860 1494 per
881 1420 1007 1476 triduum
1029 1419 1174 1495 lapidibus
1198 1421 1332 1496 pluveiat

259 1525 405 1601 ignesque
437 1526 563 1583 caelestes
585 1525 772 1583 multifariam
796 1524 853 1581 orti
877 1526 1023 1582 adussisse
1050 1524 1238 1599 complurium
1273 1524 1332 1581 levi

260 1628 368 1688 afflatu
389 1630 561 1687 vestimenta
583 1630 710 1687 maxime
733 1629 912 1686 dicebantur.
961 1630 1073 1687 Addita
1094 1639 1123 1685 et
1144 1648 1231 1686 unum
1254 1629 1361 1686 dieml

260 1727 439 1811 supplicatio
462 1744 506 1791 est
530 1752 567 1791 ex
588 1734 705 1792 decreto
727 1734 905 1810 pontificum,
928 1735 1005 1809 quod
1028 1734 1105 1791 aedes
1126 1734 1200 1810 Opis
1221 1735 1249 1790 iu
1274 1734 1331 1791 Ca·

260 1840 366 1918 pitolio
395 1840 432 1897 de
458 1841 528 1897 caclo
557 1850 637 1897 tacta
666 1850 738 1897 erat.
789 1840 902 1897 Hostiis
924 1839 1082 1896 nlaioribus
1109 1838 1241 1895 consules
1262 1835 1331 1914 pro'·

260 1955 403 2004 curamnt
429 1946 587 2021 urbemque
623 1946 829 2002 lustraverunt.
882 1944 943 2003 Sub
982 1944 1057 2001 idem
1092 1952 1206 2019 tempus
1236 1955 1265 2001 et
1294 1949 1362 2001 exb

260 2051 391 2112 Umbria
404 2052 565 2108 nuntiatum
581 2063 634 2120 ost,
655 2052 837 2109 semimarem
850 2049 1002 2107 duodecim
1014 2047 1106 2106 ferme
1128 2067 1219 2106 annos
1231 2059 1330 2105 natum

259 2158 422 2216 inventum.
471 2156 507 2212 Id
536 2156 700 2231 prodigium
737 2157 938 2215 abominantes
968 2155 1061 2212 arceri
1093 2156 1227 2213 Romano
1259 2173 1331 2230 agro

260 2262 420 2336 necarique
443 2279 530 2335 quam
552 2262 676 2337 primum
699 2263 852 2319 iusserunt.
947 2292 954 2307 ι

348 2368 461 2425 Eodem
487 2386 568 2430 anno.
593 2366 674 2425 Galli
703 2365 891 2441 Transalpini
920 2364 1093 2440 transgressi
1118 2364 1148 2420 iu
1176 2362 1363 2421 Venetiamtl

238 2473 327 2533 taius
348 2472 537 2550 populatione
557 2478 608 2529 aut
619 2471 706 2541 bello,
727 2472 806 2529 haud
823 2470 924 2547 procul
944 2470 1021 2540 inde,
1043 2470 1092 2528 ubi
1104 2488 1178 2528 nunc
1195 2468 1334 2544 Aquileia

246 2574 318 2651 'aaa
339 2580 434 2636 locum
465 2577 575 2652 oppido
603 2577 754 2635 condendo
783 2586 929 2652 ceperunt.
980 2576 1100 2649 Legatis
1129 2575 1269 2634 Romanis
1296 2575 1362 2633 del

263 2703 301 2742 oa
323 2703 357 2758 re
378 2692 459 2740 trans
480 2683 574 2758 Alpes
604 2682 699 2742 missis
726 2700 897 2757 responsum
921 2691 974 2750 est,
1004 2699 1098 2754 aeque
1127 2680 1273 2757 profectos
1296 2699 1333 2738 ex
1373 2671 1375 2677 ’

264 2789 440 2849 auctoritate
460 2787 554 2863 gentis
576 2806 710 2859 cosnec,
732 2789 802 2862 quid
823 2788 852 2844 iu
874 2786 963 2844 Italia
983 2785 1122 2857 iacerent,
1143 2805 1206 2844 sose
1228 2786 1317 2846 scire.'

349 2896 386 2952 L.
408 2892 507 2969 Scipio
529 2893 614 2950 ludos
634 2912 669 2950 eo
696 2902 837 2968 tempora,
864 2912 938 2967 quos
962 2892 1037 2949 bello
1059 2892 1199 2949 Antiochi
1216 2891 1364 2951 vovisseS

263 3019 330 3060 suaa
351 2999 475 3070 dicebat,
497 3018 535 3055 ex
556 2999 664 3057 collata
685 3000 722 3055 ad
743 2999 909 3074 idpecunia
929 2999 967 3057 ab
978 2998 1097 3073 regibus
1110 2998 1351 3072 civitatibusque,

263 3125 318 3184 per
344 3105 407 3162 dies
440 3102 644 3163 decemffecit.
692 3105 842 3179 Legatum
868 3123 934 3160 eum
966 3115 1033 3178 post
1060 3103 1274 3159 damnationem
1305 3102 1365 3158 et9

264 3212 345 3269 bona
364 3210 484 3268 vendita
505 3209 623 3266 missum
646 3209 676 3265 in
698 3210 801 3266 Asiam
818 3210 856 3265 ad
877 3208 1039 3265 dirimenda
1059 3183 1332 3264 interAntiochum

264 3325 294 3374 ut
315 3316 477 3374 Eumenem
498 3332 582 3389 rages
604 3315 772 3384 certamina,
794 3315 931 3371 Valerius
943 3314 1049 3372 Antias
1071 3322 1114 3370 est
1136 3322 1251 3381 auetor3
1274 3324 1334 3368 tum
1350 3314 1386 3368 10

264 3421 390 3478 collatas
419 3421 444 3477 ei
474 3420 611 3495 pecunias
638 3430 892 3495 congregatosque
924 3439 977 3494 per
1005 3419 1110 3477 Asiam
1140 3417 1274 3486 artifices,
1307 3424 1336 3473 et

265 3543 390 3600 qnorum
413 3524 547 3583 ludorum
569 3534 637 3600 post
656 3522 772 3591 bellum,
794 3524 824 3581 in
846 3542 905 3598 quo
920 3532 1006 3584 votos
1021 3523 1138 3593 diceret,
1159 3522 1335 3578 mentionem

234 3636 236 3643 '
264 3649 325 3688 non
346 3629 472 3701 fecisset,
494 3631 530 3688 de
551 3631 586 3689 iis
608 3639 674 3706 post
695 3629 870 3704 legationem
894 3630 1008 3686 demum
1031 3629 1061 3686 in
1082 3637 1184 3685 senatu
1207 3636 1313 3684 actum.

351 3735 448 3808 Quum
471 3735 529 3793 iam
552 3736 583 3793 in
604 3736 683 3793 exitu
706 3753 799 3792 annus
821 3745 906 3806 esset,
935 3734 971 3807 Q.
994 3734 1250 3794 Marciusabsens
1272 3750 1334 3790 ma·
1389 3717 1430 3789 23

264 3841 390 3918 gistratu
414 3841 545 3899 abiturus
566 3851 643 3911 erat3
665 3840 717 3916 sp.
729 3839 908 3910 Postumius,
922 3839 1128 3914 quaestionibus
1143 3832 1208 3896 c'um
1221 3857 1335 3897 summa

265 3947 324 4005 fido
351 3964 480 4021 curaque
507 3946 653 4023 perfectis,
680 3946 798 4003 comitia
819 3945 930 4003 habuit.
981 3942 1080 4002 Crasti
1107 3945 1240 4001 consules
1269 3936 1364 4001 sunt2

266 4057 348 4128 App.
364 4050 504 4110 Claudius
518 4052 653 4119 Pulcher,
675 4052 716 4110 M.
739 4051 928 4126 Sempronius
944 4049 1116 4109 Tuditanus.
1152 4051 1277 4107 Postero
1288 4049 1335 4106 die
1346 4016 1512 4140 ἓῐὸξῗξζ

266 4167 407 4232 praetores
428 4155 499 4215 iacti
520 4159 555 4236 P,
585 4156 737 4214 Cornelius
759 4155 915 4232 Cethegus,
946 4157 986 4213 A.
1008 4154 1176 4213 Postumius
1199 4154 1335 4225 Albinus,

267 4260 300 4323 Ο.
325 4261 469 4320 Afranius
492 4261 603 4332 Stellio,
625 4261 659 4320 Ο.
681 4261 789 4320 Atilius
811 4260 964 4330 Serranus,
986 4261 1022 4319 L.
1044 4260 1212 4318 Postumius
1227 4261 1355 4335 Toup--
