3484 5025
543 495 621 545 Liber
633 495 788 545 XXXVIII.
802 499 847 557 (A.
860 496 921 549 chr.
935 498 1005 561 189.)
1211 466 1267 559 IOS

258 678 328 753 egati
353 680 391 735 ab
414 679 580 736 Alabandis
611 690 765 746 venerunt,
799 691 830 737 ut
859 682 1026 750 castellum,
1060 685 1139 758 quod
1169 686 1207 741 ab
1237 685 1307 759 ipsis

258 803 335 859 uper
357 784 504 852 descisset,
528 795 577 841 aut
600 787 772 841 auctoritate
795 799 846 842 aut
867 788 954 843 armis
971 801 1087 863 cogeret
1108 791 1173 846 iura
1188 791 1308 862 antiqua

258 890 311 945 ati.
355 890 467 946 Eodem
498 902 526 945 et
552 892 726 960 Athenaeus,
764 891 902 953 Eumenis
932 905 960 950 et
987 895 1080 950 Attali
1102 894 1208 962 frater,
1242 897 1337 953 cum3

258 994 381 1051 lretense
410 996 507 1051 Leuso
541 1006 570 1052 et
602 994 734 1071 Corrago
764 998 927 1054 Macedone
960 1000 1051 1067 venit;
1085 999 1161 1055 mille
1195 1002 1305 1073 pedites

258 1100 397 1180 rimarum
431 1103 559 1174 gentium
598 1111 626 1157 et
662 1111 805 1158 trecentos
838 1103 949 1177 equites
982 1122 1078 1160 secum
1114 1106 1304 1162 adduxerunt.

258 1186 361 1272 lonsul,
383 1207 500 1262 tribuno
523 1207 643 1262 militum
667 1207 755 1262 misso
774 1226 836 1263 cum
855 1210 969 1265 modica
986 1228 1082 1278 manu,
1105 1210 1253 1265 castellum
1276 1203 1336 1264 vit

258 1313 325 1387 epit,
349 1322 465 1385 captum
490 1313 745 1368 Alabandensibus
767 1313 874 1380 reddit3
906 1315 967 1388 ipse
989 1315 1060 1371 nihil
1082 1315 1129 1371 via
1154 1315 1306 1388 degressus

258 1417 280 1473 d
322 1418 509 1474 Antiochiam
553 1435 640 1491 super
680 1418 859 1475 Maeandrum
905 1439 1017 1476 amnem
1062 1421 1157 1495 posuit
1201 1430 1305 1476 castra.

258 1523 337 1579 Iuius
353 1522 461 1578 'ananis
494 1521 589 1577 fontes
619 1520 740 1579 Celaenis
768 1525 907 1582 oriuntur.
962 1524 1083 1581 Celaeaae
1117 1526 1184 1581 urbs
1218 1520 1336 1598 caput5

258 1630 390 1703 {nondam
412 1628 549 1702 Phrygiae
570 1626 640 1695 fuit3
670 1630 823 1702 migratum
846 1631 913 1685 inde
934 1631 1013 1687 haud
1037 1630 1138 1704 procul
1160 1629 1305 1686 veteribus

258 1732 379 1803 telaenis,
410 1753 551 1807 novaeque
579 1734 643 1790 urbi
667 1736 808 1807 Apameae
839 1754 943 1791 nomen
971 1736 1090 1791 inditum
1121 1738 1157 1791 ab
1189 1740 1306 1809 Apama

258 1860 343 1897 sorore
375 1839 488 1897 Seleuci
521 1839 606 1913 regis.
666 1840 705 1895 Et
738 1841 871 1915 Marsyas
906 1842 1012 1908 amnis,
1046 1841 1123 1898 haud
1154 1840 1256 1914 procul
1288 1836 1336 1896 ab

258 1947 383 2003 llaeandri
412 1945 541 2002 fontibus
569 1946 680 2009 oriens,
706 1945 736 2000 in
763 1946 941 2003 Maeandrum
974 1948 1065 2014 cadit,
1095 1946 1232 2019 famaque
1263 1947 1305 2003 ita

258 2060 330 2120 tenet,
352 2051 473 2109 Celaenis
495 2052 635 2125 Marsyan
660 2070 723 2107 cum
741 2052 878 2125 Apolline
901 2050 1033 2108 tibiarum
1058 2063 1144 2109 cantu
1169 2041 1303 2108 certasse.

258 2156 392 2214 llaeander
419 2176 455 2213 ex
484 2174 551 2211 arce
573 2174 687 2212 summa
709 2154 888 2213 Celaenarum
914 2168 1010 2226 ortuS,
1044 2158 1138 2214 media
1162 2159 1232 2213 urbe
1255 2154 1333 2213 ‹te-7

258 2278 378 2330 currens,
408 2282 459 2335 per
489 2260 583 2318 Caras
612 2262 753 2336 primum,
787 2262 890 2319 deinde
917 2264 1005 2319 Ionas
1036 2263 1064 2318 in
1091 2263 1183 2318 sinum
1216 2261 1304 2316 maris

258 2347 353 2438 editur,
375 2368 424 2442 qui
446 2368 520 2423 inter
542 2367 667 2423 Prienen
691 2379 719 2422 et
740 2368 870 2424 Miletum
895 2377 947 2427 est.
995 2368 1044 2424 Ad
1067 2366 1252 2423 Antiochiam
1275 2362 1335 2421 in8

258 2483 340 2530 :astra
360 2474 485 2530 consulis
508 2472 660 2539 Seleucus,
690 2474 828 2530 Antiochi
850 2474 939 2543 lilius,
968 2465 1004 2530 e'x
1026 2471 1135 2529 foedere
1156 2472 1213 2528 icto
1236 2490 1300 2527 cum

258 2573 376 2652 Scipione
397 2580 436 2635 ad
457 2577 631 2635 frumentum
655 2579 793 2635 exercitui
815 2580 942 2636 dandum
966 2580 1053 2636 venit.
1120 2580 1220 2634 Parva
1242 2573 1330 2632 dis-9

258 2685 364 2756 aptatio
386 2685 422 2740 de
444 2685 538 2740 Attali
561 2684 750 2741 auxiliaribus
772 2697 836 2741 orta
858 2696 911 2756 est,
934 2684 1012 2758 quod
1033 2686 1166 2741 Romano
1189 2692 1299 2739 tantum
1337 2696 1340 2701 ⁴

258 2785 327 2844 militi
362 2799 477 2864 pactum
512 2790 687 2846 Antiochum
730 2801 761 2846 ut
803 2791 921 2847 daretur
955 2788 1128 2845 frumentum
1164 2788 1300 2845 Seleucus

258 2886 362 2952 dicebat.
414 2896 556 2951 Discussa
591 2914 627 2951 ea
659 2915 774 2969 quoque
808 2906 851 2952 est
883 2896 1046 2953 constantia
1079 2895 1218 2961 consulis,
1252 2891 1351 2966 quill)

258 2994 331 3053 misso
350 3000 465 3057 tribuno
489 3000 587 3068 edixit,
609 3019 646 3055 ne
660 3001 785 3057 Romani
808 3000 912 3058 milites
936 3001 1107 3075 acciperent,
1130 3000 1299 3074 priusquam

258 3099 335 3160 Attali
349 3105 457 3161 auxilia
472 3106 658 3180 accepissent.
706 3107 832 3162 Indead
847 3106 1066 3171 Gordiutichos,
1091 3106 1168 3178 quod
1184 3113 1299 3173 vocant,
1316 3101 1349 3155 ll

258 3216 404 3277 processum
428 3219 484 3274 est;
507 3230 544 3266 ex
566 3231 600 3267 eo
619 3211 685 3266 laco
708 3211 747 3266 ad
761 3213 861 3267 Tabas
885 3211 975 3272 tertiis
997 3210 1098 3266 eastris
1121 3219 1298 3282 perventum.

258 3302 288 3365 ΙΙΙ
305 3315 401 3373 finibus
424 3316 589 3373 Pisidarum
612 3317 708 3391 posita
731 3318 799 3373 urbs
821 3327 873 3385 est,
895 3317 925 3372 in
946 3335 981 3372 ea
1003 3327 1099 3389 parte,
1122 3332 1186 3387 quae
1207 3315 1301 3387 vergit

258 3413 290 3470 ll
305 3419 503 3497 Pamphylium
527 3442 616 3482 mare.
661 3422 786 3496 Integris
808 3422 918 3478 viribus
940 3420 1067 3494 regionis
1090 3420 1165 3484 eius,
1188 3417 1299 3474 feroces

258 3519 462 3584 libellandum
486 3529 613 3590 habebat
639 3529 733 3592 vir0s;
761 3539 820 3584 tum
852 3546 969 3601 quoque
996 3526 1106 3599 equites
1136 3524 1165 3579 in
1195 3541 1299 3596 agmen
1316 3521 1350 3576 12

258 3617 401 3689 &manum
435 3634 585 3707 eruptione
616 3633 695 3689 facta
727 3633 805 3689 haud
838 3632 951 3688 modice
981 3630 1073 3703 primo
1102 3627 1211 3701 impetu
1238 3638 1298 3684 tur-

258 3723 358 3803 btverm
391 3739 495 3795 deinde
517 3749 547 3794 ut
570 3738 721 3812 apparuit,
743 3756 795 3802 nec
817 3755 937 3793 numero
959 3752 1065 3790 senec
1087 3733 1192 3789 virtute
1214 3752 1299 3807 pares

258 3845 311 3912 ³tte,
330 3845 359 3900 in
382 3846 482 3901 urbem
505 3843 645 3916 compulsi
661 3843 774 3898 veniam
792 3841 896 3899 erroris
913 3841 1057 3914 petebant,
1080 3838 1184 3894 dedere
1198 3839 1298 3893 urbem

258 3948 342 4007 brari.
408 3949 544 4022 Quinque
574 3958 602 4004 et
628 3948 730 4022 viginti
752 3947 861 4002 talenta
884 3945 995 4018 argenti
1026 3954 1054 4000 et
1081 3945 1179 3999 decem
1210 3942 1299 3998 millia
1316 3943 1349 3999 13

258 4053 412 4110 tedimnum
436 4054 522 4111 tritici
543 4055 700 4126 imperata}
721 4052 762 4107 ita
786 4051 815 4107 in
837 4050 1009 4107 deditionem
1032 4048 1152 4121 accepti.

319 4160 421 4216 Tertio
458 4160 524 4216 inde
559 4159 606 4214 die
642 4158 680 4214 ad
716 4155 823 4213 Casum
861 4175 974 4212 amnem
1012 4163 1195 4229 perventum,
1231 4151 1298 4206 inde
1354 4135 1394 4206 14

258 4264 357 4322 ’alecti
372 4264 490 4322 Erizam
507 4266 607 4320 urbem
624 4263 717 4337 primo
739 4261 848 4334 impetu
871 4268 1016 4334 ceperunt.
1060 4258 1110 4314 Ad
1126 4257 1297 4313 Thabusion
1311 4249 1328 4303 2

258 4371 385 4428 stellam
422 4368 574 4425 imminens
612 4367 721 4424 flumini
753 4366 828 4422 Indo
864 4375 980 4421 ventum
1015 4373 1072 4434 est,
1112 4363 1157 4419 cui
1189 4360 1299 4418 fecerat
