3484 5025
780 507 871 549 xxm

314 689 350 759 (ll,
367 689 418 743 nisi
439 688 518 759 qnod
539 687 719 761 Phylaicum.
770 690 790 744 B
811 688 885 743 solet
904 687 1139 745 Pilaiconveutus
1162 689 1320 765 appellant)
1343 692 1361 746 9

314 769 413 839 monuit,
434 779 602 826 constanter
624 771 664 842 (M
677 771 734 841 etl.)
763 772 795 826 tt
819 788 855 826 ue
876 770 906 826 in
925 771 1140 827 altercationem
1156 780 1297 829 cresceret
1314 779 1361 829 res'

313 851 367 923 (Sip.
387 870 401 907 e
421 854 462 907 M:
485 869 522 907 ne
544 852 672 908 altercat.
696 854 847 909 excederet
869 854 926 925 res)
949 849 1085 921 XXXVI,
1109 856 1125 910 3
1149 855 1267 925 missus,
1289 854 1362 912 alios

311 934 355 990 iam
383 943 576 1008 congregatos
617 936 683 1007 (Mp.
712 938 824 992 Excidit
858 937 978 992 alterum
1009 936 1159 993 membrum
1190 938 1362 994 huiusmodi:

311 1016 378 1072 illios
406 1034 500 1090 vegos
525 1036 579 1092 per
607 1036 693 1092 egros
719 1018 879 1093 oppressit,
910 1018 982 1075 alios
1010 1018 1067 1075 iem
1097 1029 1150 1078 cet.
1194 1023 1264 1076 Mum
1286 1021 1362 1093 qnod

309 1102 353 1157 Em.
373 1099 431 1155 392
460 1103 568 1155 conieci
587 1102 763 1157 scribendum
785 1101 911 1175 aliquot,
940 1104 1022 1157 nimis
1050 1104 1190 1174 infinitum
1217 1113 1275 1170 est,
1312 1120 1362 1160 nec

309 1192 421 1253 apparet,
441 1183 512 1255 quid
524 1185 642 1255 reliquis
655 1185 762 1253 fuctum
775 1184 834 1255 sit.)
856 1189 872 1241 4
886 1184 960 1240 inter
971 1184 1096 1240 tumulos
1108 1185 1249 1258 quosdam
1261 1185 1301 1256 (M
1306 1185 1361 1257 ed.)

310 1266 383 1336 l(ex
403 1268 496 1337 suppl.
521 1265 620 1337 urat.)
653 1269 686 1323 13
716 1267 876 1340 (octoginta
898 1270 1026 1340 Eropum,
1058 1267 1260 1342 Botingenta,
1289 1270 1362 1324 Met

308 1347 462 1421 quingenta)
502 1344 669 1418 XXXVIII,
706 1351 724 1405 8
755 1350 803 1421 (ab
839 1351 905 1407 add.
941 1350 1065 1422 Mreym.)
1111 1353 1146 1407 10
1180 1350 1362 1407 terrestribus

306 1432 337 1503 (M
348 1430 400 1502 ed.)
428 1432 461 1485 12
485 1439 562 1486 tecta
585 1450 681 1488 muros
704 1432 743 1504 (M
751 1432 809 1503 ed.)
837 1437 868 1489 14
895 1430 1162 1507 [reficiendaeurbis]
1186 1434 1227 1506 (M
1232 1455 1241 1503 ,·
1261 1451 1313 1489 om.
1329 1433 1361 1506 B)

305 1508 437 1583 XXXIX„
456 1518 471 1569 7
497 1514 638 1587 potuerit,
662 1514 730 1588 qnid
753 1514 909 1588 quodiam
933 1516 972 1587 (M
992 1516 1034 1573 ed.
1057 1517 1193 1572 Soloecnm
1215 1525 1269 1571 est:
1292 1516 1361 1589 quid

310 1596 702 1669 ...quantum...ebesse?)
734 1595 798 1667 XL,
835 1602 842 1653 l
877 1596 1057 1666 faciundum,
1090 1607 1120 1654 et
1149 1617 1354 1672 quousque...

303 1676 378 1735 fuerit
388 1678 469 1753 ipsis,
481 1697 541 1734 non
555 1680 692 1754 cogitare.
739 1680 843 1737 Asiam
854 1680 925 1736 nihil
940 1680 977 1736 ad
990 1688 1120 1736 senatum
1135 1680 1287 1755 pertinere,
1309 1699 1361 1738 uec

304 1762 368 1833 (ME,
389 1764 447 1818 nisi
467 1763 545 1834 pund
565 1780 619 1833 pro
642 1763 679 1819 ed
701 1782 733 1819 sc
754 1762 822 1819 edit.
844 1766 917 1834 Mop.
940 1763 1023 1819 trahet
1046 1764 1084 1819 ud
1105 1782 1173 1838 pop.
1197 1765 1360 1821 Romanurn

303 1863 331 1899 er
356 1846 511 1914 montisestu
538 1849 781 1917 interpretatione.
808 1849 866 1903 ΕΜ.
888 1846 959 1919 392)
993 1850 1010 1902 4
1040 1845 1098 1919 (Ne
1125 1849 1202 1906 Imm.
1235 1847 1360 1917 Beltlter,·

303 1928 370 1982 edel.
392 1928 469 2000 Nec)
495 1931 509 1983 5
534 1929 707 2002 usurpandae
730 1928 829 1985 ulieuae
852 1928 916 2001 (Mp.
935 1932 994 1987 Em.
1013 1928 1084 2001 393)
1109 1932 1125 1985 6
1149 1927 1359 1986 Chersonesum

302 2010 416 2084 (lirense.
450 2014 592 2067 Attructio
625 2030 659 2067 eo
690 2016 781 2068 minus
813 2014 902 2067 locum
934 2012 1031 2081 habet,
1062 2013 1138 2083 quod
1164 2031 1216 2086 per
1245 2030 1275 2069 ce
1303 2031 1361 2068 non

302 2095 395 2149 dicitnr
424 2093 558 2149 dubitare
586 2094 667 2166 rem.)
706 2090 784 2163 XLI,
815 2098 831 2151 5
861 2094 1020 2168 Ephesum.
1052 2094 1361 2170 legatis...egerent,

301 2195 373 2232 orum
403 2178 520 2250 (interp.
543 2179 600 2232 ΕΜ.
622 2176 683 2231 393
704 2176 742 2249 n.)
775 2181 789 2233 7
821 2177 855 2249 (E
882 2176 979 2233 inultae
1007 2175 1106 2233 fractae
1135 2177 1230 2234 rnultae
1256 2196 1360 2245 naves3

300 2261 395 2328 Med,
417 2260 510 2317 Drnh.
534 2260 629 2315 multee
653 2277 743 2316 naves
766 2259 870 2318 eiectae.
928 2262 1041 2319 Emend.
1064 2261 1219 2334 iaculatus)
1239 2260 1243 2334 Ι
1262 2269 1362 2317 enaret

300 2342 331 2413 (Μ
352 2342 408 2414 ed.)
431 2338 521 2411 XLII,
547 2346 557 2397 l
584 2342 698 2398 tresviri
719 2344 753 2414 (B
775 2340 812 2400 III
835 2342 899 2411 viri,
920 2344 950 2397 M
969 2344 1012 2398 ed.
1035 2341 1186 2415 triumviri)
1206 2341 1210 2416 Ι
1230 2343 1360 2399 creandis

298 2424 336 2481 his
359 2424 437 2498 (Mp.)
457 2426 462 2497 Ι
483 2424 559 2499 [item
583 2435 614 2481 ut
635 2424 827 2499 pontificibus]
854 2426 944 2498 (Piph.
967 2428 1016 2481 ME
1037 2425 1104 2480 item
1128 2435 1157 2481 ut
1179 2425 1318 2499 pontifici)
1342 2428 1358 2481 8

297 2507 498 2583 discripserunt
521 2512 556 2564 10
581 2508 974 2583 (maximusnotucitDrnlr.)
997 2504 1096 2578 XLIII,
1122 2511 1138 2566 9
1163 2508 1199 2565 ad
1211 2507 1359 2566 Etruriam

295 2595 348 2647 eine
369 2596 451 2648 uncis
474 2593 542 2663 (Μ).
561 2594 620 2648 ΕΜ.
640 2591 699 2647 394
721 2593 762 2664 Μ.)
781 2594 786 2664 Ι
807 2592 866 2664 (Τί.
888 2591 1059 2666 Sempronio
1090 2593 1135 2663 W,·
1160 2593 1235 2650 BT.
1262 2591 1359 2667 Semp.

295 2676 377 2730 Eruli.
385 2673 516 2749 Sempr.)
530 2671 631 2743 XLIV,
656 2679 664 2730 l
687 2676 721 2746 (B
732 2674 814 2730 iussit
825 2674 935 2743 facere;
947 2678 975 2729 M
979 2677 1033 2741 ccl,
1045 2677 1132 2733 Druh.
1148 2693 1184 2731 ex
1192 2674 1360 2748 pontificum

294 2756 368 2813 iussu
389 2756 495 2813 fecere.
545 2759 660 2815 Emcud.
686 2759 1018 2830 Buumpurten-Crusr'us)
1041 2762 1058 2814 4
1082 2757 1260 2826 hominibus,
1282 2758 1360 2831 quod

294 2859 352 2896 cum
375 2840 525 2914 Hispania
547 2859 584 2900 m.
611 2841 638 2898 b,
660 2840 838 2915 negligerent
866 2842 919 2914 (M,
944 2841 978 2895 de
1000 2860 1055 2913 quo
1077 2859 1151 2897 nunc
1172 2858 1229 2896 non
1253 2841 1360 2908 dubito,

291 2933 436 2995 perspecta
451 2925 561 2980 Gelenii
572 2925 782 2980 consuetudine.
811 2927 837 2980 E
845 2926 868 2979 B
880 2923 1052 2995 efficiebam:
1068 2942 1127 2992 cur,
1140 2923 1217 2996 quod
1228 2923 1267 2978 H.
1276 2923 1360 2992 m.b.,

293 3007 476 3081 negligerent.
520 3009 579 3063 Em.
591 3005 662 3077 394)
679 3002 766 3073 XLV,
786 3010 797 3062 l
813 3015 873 3062 tum
886 3009 946 3062 sine
957 3009 1035 3062 uncis
1051 3004 1137 3078 (Urs.)
1153 3009 1169 3062 6
1187 3004 1360 3080 (hospitibus

293 3090 409 3159 tmots,·
442 3091 465 3145 B
488 3087 619 3145 hostibus
626 3110 637 3157 ,·
667 3089 756 3144 Dralt.
782 3089 894 3161 amicis)
930 3092 944 3144 7
975 3086 1115 3162 (Dehchut
1139 3091 1252 3144 restitui
1275 3107 1310 3145 er
1334 3091 1363 3142 Μ

296 3174 402 3229 Gelenii
422 3173 493 3243 fide:
529 3171 589 3226 otio
615 3170 736 3244 situque.
789 3173 840 3226 Ed.
870 3175 942 3241 Mup.
978 3171 1036 3226 otio
1075 3169 1158 3246 tum.)
1194 3166 1302 3240 XLVI,
1346 3175 1355 3226 l

293 3254 398 3312 iudices
428 3273 528 3310 errore
560 3257 574 3309 7
606 3253 796 3327 pertulitque,
824 3253 854 3309 in
878 3254 1006 3328 singulos
1032 3253 1082 3326 (M)
1115 3254 1120 3324 Ι
1154 3253 1221 3325 (neu
1246 3254 1359 3321 Duker,

296 3339 334 3392 etl.
346 3335 395 3413 ne)
419 3340 435 3393 8
454 3336 526 3411 (quo
538 3336 615 3392 bono
628 3338 777 3405 Heinsius,·
802 3336 880 3393 edelr.
897 3336 987 3410 quod)
1012 3337 1029 3392 8
1044 3334 1148 3392 divisui
1162 3344 1188 3391 et
1201 3335 1360 3410 principum

296 3420 343 3492 (Μ)
363 3418 368 3491 Ι
388 3429 472 3476 erant
495 3419 564 3493 quin
589 3429 617 3474 et
639 3419 760 3492 pecunia
782 3419 826 3491 (B)
854 3415 973 3486 XLVII,
1001 3420 1016 3474 3
1041 3419 1071 3491 (ii
1090 3418 1198 3474 Beltlter
1220 3435 1235 3472 e
1258 3420 1291 3472 B:
1312 3417 1362 3484 iis;

296 3504 380 3560 Ilrult.
394 3503 454 3575 isti)
473 3498 478 3578 Ι
498 3501 651 3574 (furtorum
668 3501 810 3558 manubiis
823 3501 943 3558 extortis
959 3505 1011 3572 Mp.
1025 3503 1126 3572 Opusc.
1138 3502 1175 3568 II,
1190 3500 1251 3556 365
1263 3518 1278 3554 e
1291 3502 1312 3555 B
1323 3502 1361 3554 M:

296 3584 435 3643 furtorum
459 3583 505 3660 [er
523 3587 551 3640 M
564 3586 695 3640 Gelenius
708 3584 785 3640 furto
803 3584 912 3659 eorum]
935 3583 1067 3640 manibus
1092 3582 1222 3639 extortis.
1271 3582 1359 3639 Drult.

297 3667 369 3725 furto
398 3687 498 3724 eorum
532 3667 663 3723 menibus
693 3668 830 3738 extorto.)
874 3663 1007 3735 XLVIII,
1041 3670 1050 3721 l
1077 3664 1212 3740 Acyllam
1242 3665 1362 3737 (sipon.)

300 3752 435 3809 humbrae
451 3749 770 3808 ->turn1n.ae.f.erat
797 3783 835 3790 -
863 3749 1078 3808 c.inl.fierent
1099 3746 1321 3822 (triuncem)
1344 3751 1361 3806 6

298 3835 463 3908 perductum
483 3833 589 3905 (Med.)
611 3837 625 3889 7
640 3834 739 3905 (quum
759 3834 882 3906 primum
898 3833 941 3888 ed.
954 3833 1038 3903 Eupd.
1052 3831 1132 3888 1553
1140 3853 1150 3902 ‚·
1173 3834 1195 3887 B
1211 3833 1288 3905 quod
1305 3851 1361 3906 pr.,·

299 3918 382 3973 Eruli.
414 3935 503 3990 quem
532 3917 588 3990 pr.)
618 3917 635 3971 8
663 3915 691 3971 iu
720 3933 810 3971 naves
838 3926 864 3970 et
892 3915 1067 3971 collocandis
1099 3914 1284 3970 armamentis
1315 3914 1362 3986 (M,

299 4003 348 4056 nisi
369 4001 448 4073 quod
472 4018 528 4072 que
551 4001 662 4072 Mrepss.
687 3998 806 4055 addidit.
856 3998 977 4054 librarii
997 4000 1115 4054 ulterius
1139 3997 1243 4053 codicis
1265 3999 1363 4053 oculus

299 4083 440 4139 aberrauit
476 4086 506 4136 in
535 4083 637 4137 litteris
662 4080 744 4136 andis
769 4082 810 4136 bis
830 4080 954 4153 positis.)
984 4083 1001 4136 9
1036 4081 1075 4152 (et
1105 4082 1215 4135 notarit
1250 4078 1294 4150 W)
1326 4081 1357 4134 ll

299 4164 381 4240 idque
403 4163 508 4238 magis,
531 4163 619 4238 vulgo
641 4162 723 4219 frent.
746 4163 871 4235 (interp.)
922 4159 1023 4232 XLIX,
1047 4165 1063 4218 2
1088 4161 1239 4234 (concisset
1259 4162 1362 4231 Brute,

301 4251 327 4318 Β,
348 4249 437 4305 Drnlt.
462 4246 640 4317 conscisset).
