3484 5025
644 536 791 588 tiberxn.
822 537 871 599 (Δ.
887 517 945 585 chr.
961 536 1032 599 rsa.)
1267 521 1351 606 tto,
1438 587 1442 596 .

293 720 365 777 silio
389 721 519 777 haberet.
568 722 647 778 Dum
669 720 788 778 veniunt
810 720 911 788 amici,
934 721 1029 790 solus,
1060 721 1119 777 filio
1141 721 1242 796 procul
1264 726 1399 793 stants,5

295 827 395 883 multa
410 844 512 883 secum
536 825 633 882 animo
664 825 798 882 volutans
822 825 1021 883 inambulavit.
1071 814 1232 900 Postquam
1255 813 1398 885 venisse'd

295 951 350 991 eos
374 932 537 989 nuntiatum
562 941 621 1002 est,
646 931 764 988 secessit
785 929 814 985 in
837 939 949 1005 partem
972 932 1136 989 interiorem
1167 950 1231 988 cum
1254 931 1367 988 duobus

297 1038 417 1106 amicis,
446 1038 565 1094 totidem
595 1035 762 1093 custodibus
784 1036 927 1110 corporis3
960 1038 1040 1106 filiis,
1071 1048 1102 1094 ut
1124 1047 1222 1094 ternos
1243 1037 1367 1093 inermes

294 1159 398 1200 secum
421 1142 644 1212 introducerent,
666 1141 804 1217 permisit.
842 1141 888 1197 Ibi
912 1160 998 1215 quum
1022 1142 1206 1211 consedisset,
1231 1142 1395 1211 „Sedeo“7

296 1248 394 1322 inquit
417 1249 612 1316 „miserrimus
634 1258 718 1323 pater
738 1251 826 1308 iudex
857 1251 933 1308 inter
954 1247 1027 1303 duos
1051 1246 1148 1325 filios,
1167 1258 1364 1304 accusatorem

295 1353 447 1429 parricidii
463 1363 492 1409 et
506 1372 597 1420 reum,
620 1362 670 1409 aut
683 1357 797 1428 coqficti
811 1365 862 1413 aut
877 1353 1022 1412 commissi
1038 1352 1164 1410 criminis
1176 1353 1270 1410 labem
1289 1354 1367 1428 apud

296 1478 381 1517 meos
396 1460 572 1518 inventurus.
613 1461 676 1515 Iam
693 1461 803 1534 pridem
820 1460 934 1535 quidem
951 1461 1025 1516 hauc
1044 1458 1200 1533 procellam
1216 1458 1397 1522 imminen·8

295 1576 356 1623 tem
380 1566 534 1635 timebam,
569 1584 656 1638 quum
689 1565 786 1621 vultus
817 1566 968 1622 intervos
998 1564 1115 1619 minime
1135 1562 1279 1620 fraternos
1303 1582 1366 1619 cer·

294 1690 414 1742 nerem,
450 1689 537 1744 quum
565 1688 653 1727 voees
676 1672 816 1745 quasdam
839 1666 1020 1745 exaudirem3
1052 1669 1103 1726 sed
1134 1668 1275 1724 interdum
1299 1677 1401 1749 spesq

295 1776 427 1833 animum
450 1776 583 1844 subibat,
618 1776 780 1849 deflagrare
801 1776 859 1832 iras
885 1787 1014 1845 vestras,
1046 1774 1164 1850 purgari
1187 1774 1364 1849 suspiciones

294 1901 399 1958 posse3
434 1881 522 1938 etiam
549 1881 648 1936 hostes
677 1881 765 1937 armis
792 1882 897 1955 positis,
923 1881 1017 1939 foedus
1045 1881 1146 1951 icisse,
1183 1889 1211 1936 et
1233 1880 1364 1954 privatas

294 1989 455 2045 multorum
471 1986 641 2043 'simultates
668 1978 778 2053 finitas3
811 1986 970 2042 subituram
1002 1988 1086 2043 vobis
1115 1986 1271 2060 aliquando
1299 1995 1415 2060 ger-10

294 2093 447 2151 manitatis
469 2091 649 2160 memoriam,
682 2090 799 2164 puerilis
822 2092 968 2164 quondam
991 2091 1183 2167 simplicitatis
1212 2101 1363 2148 consuetu·

291 2200 431 2273 diuisque
451 2199 526 2255 inter
549 2214 611 2265 vos,
635 2215 763 2252 meorum
786 2191 910 2270 denique
931 2208 1150 2274 praeceptorum,
1176 2216 1240 2271 quae
1260 2216 1365 2253 vereor

292 2324 333 2362 ne
357 2323 434 2361 vana
456 2304 550 2360 surdis
572 2302 690 2358 auribus
713 2302 874 2358 cecinerim.
929 2303 1049 2375 Quoties
1077 2322 1148 2378 ego,
1182 2302 1412 2366 audientibusll
1465 2353 1470 2357 .

292 2407 392 2476 vobis,
414 2406 573 2464 detestatus
595 2408 729 2483 exempla
750 2406 958 2464 discordiarum
978 2407 1181 2478 fraternarum,
1202 2408 1363 2471 horrendos
1393 2421 1407 2446 ³
1494 2484 1498 2487 Δ

254 2583 264 2595 ‚
291 2527 418 2571 eventus
448 2533 547 2570 earnm
581 2514 680 2584 retuli,
716 2513 820 2587 quibus
847 2533 879 2570 se
908 2515 1084 2590 stirpemque
1113 2533 1214 2585 suam,
1250 2514 1363 2585 domos,

291 2638 390 2694 regna
421 2619 550 2676 funditus
580 2617 768 2676 evertissent?
816 2617 941 2676 Meliora
970 2639 1086 2695 quoque
1114 2620 1248 2695 exempla
1280 2610 1364 2694 parte
1380 2622 1414 2678 12

292 2725 391 2782 altera
412 2726 513 2799 posui,
544 2723 710 2780 sociabilem
739 2725 951 2781 consortionem
975 2727 1049 2782 inter
1071 2727 1154 2782 binos
1177 2717 1362 2781 Lacedaemo·

292 2829 410 2886 niornm
433 2848 533 2905 reges,
569 2829 725 2885 salutarem
759 2849 811 2903 per
837 2831 929 2886 multa
958 2831 1064 2889 saecula
1093 2824 1163 2906 ipsis
1191 2816 1386 2905 patriaeque3¹

292 2934 418 2992 eandem
442 2935 598 3005 civitatem,
621 2944 774 3009 postquam
798 2955 861 2992 mos
883 2937 938 2993 sibi
958 2936 1061 3010 cuique
1080 2938 1211 3011 rapiendi
1234 2937 1413 3013 tyranni-13

291 3040 362 3096 dem
386 3049 504 3096 exortus
526 3040 577 3108 sit,
610 3058 750 3100 eversam.
800 3042 863 3097 Iam
895 3042 950 3098 hos
977 3043 1136 3098 Eumenem
1172 3042 1413 3115 Attalumqucll

292 3145 472 3215 fratres,·ab
494 3154 552 3201 tam
576 3143 687 3219 exiguis
709 3147 805 3215 rebus,
828 3166 919 3221 prope
941 3157 972 3202 ut
994 3146 1115 3220 puderet
1136 3147 1208 3221 regii
1228 3146 1362 3218 nominis,

294 3251 384 3320 mihi,
406 3252 568 3321 Antiocho,
597 3252 713 3307 cuilibet
736 3270 836 3325 regum
859 3252 944 3309 huius
973 3252 1081 3322 aetetis,
1115 3251 1193 3307 nulla
1215 3270 1247 3307 re
1268 3252 1362 3324 magis

294 3375 385 3430 quam
414 3355 545 3413 fraterna
579 3356 769 3413 unanimitate
802 3377 921 3433 regnum
954 3375 1093 3431 aequasse.
1147 3358 1194 3414 Ne
1220 3357 1362 3414 Romanis
1378 3367 1413 3423 15

295 3462 413 3535 quidem
436 3462 575 3536 exemplis
598 3462 740 3532 abstinui,
763 3465 827 3536 qua'e
849 3472 900 3519 aut
921 3463 985 3520 visa
1008 3474 1058 3520 aut
1082 3463 1182 3521 andita
1203 3463 1362 3520 habebam:

295 3567 333 3624 T.
355 3576 384 3623 et
405 3568 441 3627 L.
466 3566 681 3640 Quinctiorum,
704 3569 753 3641 qui
775 3569 880 3625 bellum
904 3587 1014 3624 mecum
1037 3577 1197 3642 gesserunt,
1219 3569 1253 3626 P.
1277 3575 1305 3624 et
1326 3568 1361 3628 L.

295 3671 475 3747 Scipionum,
496 3672 546 3746 qni
564 3673 740 3730 Antiochum
763 3673 939 3742 devicerunt,
964 3673 1055 3747 patris
1077 3673 1231 3747 patruique
1252 3692 1362 3744 eorum,

296 3777 427 3850 quorum
452 3787 623 3852 perpetuam
656 3779 723 3835 vitae
756 3779 940 3848 concordiam
974 3797 1052 3835 mors
1092 3798 1209 3853 qnoque
1240 3779 1361 3849 miscuit.

294 3882 401 3956 Neque
425 3901 479 3938 vos
500 3883 614 3940 illorum
645 3884 738 3940 scelus
760 3884 919 3958 similisque
940 3885 1040 3941 sceleri
1068 3895 1187 3941 eventus
1217 3886 1363 3941 deterrere
1378 3893 1414 3948 16

249 4069 251 4072 Ι
294 4007 314 4044 a
334 3989 455 4045 vecordi
482 3988 627 4046 discordia
659 3970 766 4065 potuit,
796 4009 890 4064 neque
918 3991 1020 4046 horum
1049 3992 1126 4047 bona
1158 4009 1252 4061 menS,
1284 3983 1362 4046 bona

293 4091 415 4150 fortuna
438 4094 475 4150 ad
497 4095 649 4152 sanitatem
672 4096 795 4154 flectere.
839 4096 917 4152 Vivo
946 4103 974 4152 et
995 4095 1124 4169 spirante
1151 4114 1197 4152 me
1218 4096 1414 4159 heredita-17

293 4207 352 4256 tem
377 4217 471 4255 meam
491 4201 577 4256 ambo
600 4209 629 4256 et
657 4218 709 4275 spe
733 4209 761 4256 et
782 4199 939 4275 cupiditate
965 4201 1100 4275 improba
1128 4193 1268 4259 crevistis.
1315 4201 1362 4258 En
1377 4207 1414 4266 18
1488 4259 1490 4261 ,

292 4322 388 4379 usqne
412 4323 459 4361 me
479 4303 579 4361 vivere
600 4305 696 4377 vultis,
719 4291 818 4363 dome⁸
832 4306 950 4363 alterius
965 4314 1093 4364 vestrum
1116 4315 1262 4382 superstes
1283 4307 1363 4364 haud
