3484 5025
447 516 453 529 ·
471 516 548 567 uer
564 515 691 571 xxxnu
726 517 775 583 (u
787 516 836 569 cu
849 517 920 580 rso.)
1119 522 1177 578 ιιτί

274 728 277 753 i
302 700 473 769 Μὴ
504 718 571 758 nem
592 701 670 776 quod
690 700 728 760 ed
749 719 800 760 ees
819 702 950 759 ciuitates
973 702 1121 772 attineret,
1149 707 1254 777 quusi

274 821 333 879 ppo
347 806 670 880 possessssAntioohus
682 825 735 883 per
751 808 942 879 occasionem,
963 825 1067 865 everso
1085 808 1223 885 Philippo

274 927 377 967 renum
398 910 512 982 bellum
532 912 738 987 intercepisset,
758 913 790 970 id
810 931 880 970 roro
901 912 1049 972 ferendum
1071 931 1129 971 non
1150 915 1254 984 essue

274 1032 315 1072 tos
336 1035 390 1091 per
409 1024 453 1073 tot
473 1036 564 1076 annos
586 1027 665 1075 terre
682 1018 813 1092 merique
825 1029 907 1076 unte
921 1019 1048 1095 perionis
1062 1038 1097 1078 eo
1107 1020 1223 1078 labores

274 1121 345 1191 isse,
366 1122 541 1181 Antiochum
562 1121 629 1181 belli
647 1124 766 1199 praemis
785 1124 902 1181 hebere.
945 1122 1003 1183 Sed
1023 1125 1101 1181 utin
1118 1124 1252 1185 Asiemi

274 1245 307 1283 us
332 1227 393 1284 eius
419 1228 592 1286 dissimulari
618 1231 656 1287 uh
676 1230 816 1289 Romanis
844 1241 982 1305 tanquam
1010 1229 1080 1287 nihil
1106 1232 1144 1288 ed
1172 1248 1223 1289 eos

275 1350 311 1389 ns
320 1334 456 1407 potuerit,
470 1336 617 1409 quodiam
631 1336 717 1393 etism
728 1336 758 1393 in
769 1336 917 1411 Europam
929 1336 1061 1394 omuibus
1071 1338 1224 1395 navalibus

274 1438 407 1514 cibusque
420 1442 511 1516 copiis
525 1442 678 1513 transierit,
693 1452 831 1518 queumm
847 1461 866 1498 e
880 1442 956 1499 bello
973 1451 1071 1518 aperte
1083 1442 1224 1501 &menis

274 1573 276 1591 ι
302 1543 426 1602 obesse?
471 1546 557 1603 Illum
588 1548 718 1621 quidem,
747 1547 860 1606 etiamsi
889 1547 918 1604 in
944 1547 1060 1606 Italiam
1091 1548 1254 1618 treiioiat,8

275 1667 352 1720 rum3
380 1653 529 1709 Romanos
551 1663 646 1709 eutem
667 1672 726 1711 nou
747 1661 979 1729 exspectaturos,
1007 1662 1040 1710 ut
1067 1653 1098 1710 id
1125 1663 1224 1730 posset

313 1757 464 1814 Aduersus
483 1776 518 1813 ee
535 1758 697 1816 Antiochus
718 1758 817 1815 mirsri
838 1776 870 1816 se
891 1759 972 1830 dixit,
993 1761 1142 1818 Romanos
1162 1771 1223 1818 tem
1272 1752 1318 1821 4⁰

274 1870 318 1919 ter
333 1862 485 1937 inquirere,
507 1863 576 1937 quid
591 1864 653 1939 regi
663 1864 811 1922 Antiocho
822 1863 987 1923 feriundum
1009 1875 1059 1922 eut
1074 1883 1224 1941 quousque

274 1967 394 2042 merique
407 1968 651 2043 progrediundum
665 1968 759 2040 fuerit,
779 1969 859 2045 ipsos
880 1990 939 2028 uon
960 1972 1098 2047 cogitare,
1120 1967 1255 2031 Asiem2

274 2072 298 2127 td
318 2090 350 2129 so
370 2074 529 2148 pertinere,
559 2092 613 2131 nec
634 2076 726 2150 magis
747 2075 803 2132 illis
825 2075 1024 2151 inquirendum
1045 2094 1125 2145 esse,
1155 2077 1224 2151 quid

274 2177 327 2234 hus
355 2179 386 2235 in
408 2179 499 2249 Asia,
528 2198 616 2254 quem
637 2182 799 2252 Antiocho,
828 2182 897 2257 quid
927 2183 956 2239 iu
984 2181 1071 2240 Italia
1099 2183 1223 2257 populus

274 2301 315 2341 tus
334 2284 434 2344 facist.
478 2286 564 2359 Quod
586 2287 624 2343 ed
643 2287 832 2345 Ptolemaeum
853 2288 982 2358 ettineet,
1007 2286 1052 2343 cni
1074 2287 1256 2363 ademptes3

320 2400 493 2464 querentur,
521 2392 577 2449 sibi
598 2409 661 2449 cum
685 2391 844 2448 Ptolemaeo
867 2399 897 2447 et
917 2391 1073 2449 amicitiem
1092 2410 1173 2462 esse,
1196 2403 1225 2451 et

274 2514 326 2568 tre,
356 2507 388 2554 ut
418 2498 498 2555 brevi
526 2498 613 2554 etiam
635 2496 761 2555 effluitus
782 2491 926 2571 iungetur.
972 2498 1019 2556 Ne
1039 2518 1076 2557 ex
1097 2500 1255 2577 Philippis

274 2605 432 2662 redverss
461 2603 579 2663 fortune
606 2604 700 2680 spolie
729 2605 790 2662 ulle
817 2622 849 2661 se
869 2604 975 2679 petisse
1005 2617 1056 2664 eut
1082 2608 1221 2665 adversus

274 2727 316 2767 sus
336 2711 367 2767 iu
385 2709 535 2784 Europam
556 2709 717 2780 traiecisse3
738 2712 789 2767 sod
810 2729 869 2785 que
891 2710 1055 2786 Lysimachi
1076 2715 1221 2789 quondam

274 2833 286 2871 u
307 2814 402 2886 fuerit,
427 2832 485 2889 quo
506 2815 583 2872 victo
604 2817 710 2886 omnis,
733 2834 804 2891 qum·
817 2815 892 2872 iilius
913 2815 1047 2889 fuissent,
1070 2818 1132 2875 iure
1153 2817 1221 2874 belli

274 2919 281 2976 i
306 2919 385 2978 fecta
412 2921 485 2989 sint,
516 2921 681 2978 existimare
708 2940 767 2978 suae
797 2921 916 2978 dicionis
945 2939 1016 2982 esse.
1066 2922 1257 3000 Occupatis5

274 3027 323 3084 bus
351 3027 411 3084 suis
439 3045 536 3083 rerum
564 3026 686 3084 eliernm
715 3044 800 3097 cure,
838 3027 934 3102 primo
962 3029 1093 3103 quoedem
1123 3047 1160 3085 ex
1189 3029 1224 3086 iis

274 3149 370 3201 rmum,
395 3130 463 3188 inde
485 3141 513 3221 et
534 3131 700 3207 Philippum
730 3133 897 3209 usurpando
920 3134 1013 3191 eliens
1035 3133 1225 3208 possessionis

286 3238 421 3294 tenuisse.
485 3235 680 3294 Chersonesus
711 3238 824 3312 quidem
857 3249 888 3295 et
917 3239 1049 3312 proxime
1080 3238 1256 3307 Thsecimti

275 3348 328 3400 rce
348 3342 564 3418 Lysimachiam
584 3343 657 3414 siut,
684 3361 768 3417 quem
790 3344 937 3415 dubitur-s,
965 3345 1036 3420 quin
1056 3342 1223 3419 Lysimachi

278 3447 292 3505 ἓ
358 3449 408 3506 Ad
440 3468 475 3506 en
508 3449 672 3524 recipienda
709 3448 739 3504 in
772 3450 921 3524 antiquum
953 3451 998 3507 ius
1029 3451 1155 3518 venisse,
1195 3457 1224 3504 et

274 3553 382 3609 schism
411 3553 534 3609 deletum
562 3554 708 3610 Threcum
736 3554 844 3630 impetu
879 3557 915 3614 dc
945 3556 1057 3632 integro
1089 3554 1223 3623 condere,

274 3674 357 3714 sum
378 3657 453 3714 filius
478 3677 542 3714 eum
564 3659 660 3725 ¹sedem
681 3661 763 3735 regui
783 3662 899 3722 hebeat.
1107 3675 1109 3678 ⁴

275 3762 303 3820 is
324 3761 581 3837 disceptationibus
601 3783 655 3839 per
675 3765 735 3822 dies
756 3766 867 3841 aliquot
887 3768 1008 3838 habitis,
1038 3784 1137 3823 rumor
1159 3765 1221 3823 sine
1274 3765 1314 3834 41

274 3868 326 3926 stis
358 3879 436 3925 certo
459 3879 577 3927 auctore
598 3870 703 3928 allatus
723 3872 761 3928 de
781 3883 873 3930 morte
894 3872 1043 3930 Ptolemsei
1066 3872 1159 3948 regis,
1190 3883 1221 3930 ut

278 3975 376 4032 exitus
396 3974 592 4049 imponeretur
610 3978 805 4049 sermonibus,
833 3977 936 4039 effecit
988 3980 1067 4037 Nem
1088 3988 1117 4036 et
1137 3976 1250 4035 dissi-2

274 4090 385 4156 opere
406 4089 581 4153 utreqne'se
598 4083 729 4154 sudhee,
751 4093 780 4141 et
802 4086 836 4142 L.
858 4083 1025 4154 Cornelius,
1046 4085 1094 4142 cui
1112 4082 1218 4158 legatio

274 4203 307 4243 os
337 4201 438 4260 reges,
474 4185 650 4244 Antiochum
682 4188 945 4265 Ptolemaeumqire,
980 4191 1118 4246 meudutn
1146 4199 1218 4258 erut,

274 4310 287 4349 s
310 4289 418 4348 modici
439 4291 577 4366 temporis
598 4291 637 4348 ud
653 4290 878 4351 convenientium
889 4293 1076 4352 Ptolemum
1091 4295 1216 4370 petebat,
