3484 5025
595 524 785 577 Liberml.
822 526 869 588 (Δ.
886 525 1022 589 cneco.)
1206 538 1208 542 ·
1257 532 1289 586 tl

276 713 362 762 totum
388 707 509 763 rubrum
537 708 627 765 solem
655 706 760 777 fuisse,
790 707 916 764 Lanuvii
938 709 1047 784 templo
1070 708 1194 782 Sospita
1215 710 1365 769 lunonisd

275 816 355 866 nocte
383 810 534 885 strepitum
567 810 710 886 ingentem
738 821 881 870 exortum.
928 814 993 870 Iam
1023 814 1189 870 animalium
1218 815 1334 871 obsceni

276 912 345 971 fetus
373 913 503 989 pluribus
532 915 604 973 locis
632 917 852 974 nuntiabantur:
883 915 913 972 in
939 917 1055 976 Sabinis
1086 918 1211 975 incertus
1238 919 1333 977 infans

276 1027 369 1089 natus,
397 1020 545 1077 masculus
567 1038 605 1078 an
625 1020 734 1078 femina
754 1030 842 1091 esset3
872 1021 945 1078 alter
966 1021 1088 1078 sedecim
1111 1024 1169 1080 iam
1192 1042 1332 1081 annorum

276 1122 336 1180 item
366 1124 506 1199 ambiguo
532 1143 603 1181 sexu
632 1125 781 1195 inventus3
823 1126 986 1182 Frusinone
1021 1145 1112 1201 agnus
1152 1145 1215 1185 curn
1249 1128 1363 1188 suillo?

278 1228 372 1302 capite,
395 1228 540 1287 Sinuessae
560 1247 666 1304 porcus
687 1248 751 1287 cum
774 1231 869 1306 capite
890 1233 1017 1288 humano
1040 1242 1133 1302 notua,
1155 1232 1184 1300 iu
1207 1232 1333 1289 Lucanis

277 1331 301 1387 iu
319 1350 392 1407 agro
414 1332 533 1407 publico
556 1332 670 1391 eculeus
691 1352 756 1390 cum
779 1334 907 1409 quinque
927 1335 1059 1409 pedibus.
1115 1337 1209 1393 Foeda
1235 1337 1364 1397 omnia8

277 1446 301 1493 et
328 1436 473 1494 deformia
504 1438 684 1514 errantisque
717 1437 748 1494 in
777 1438 887 1495 alienos
913 1439 989 1496 fetus
1016 1448 1127 1497 naturas
1154 1441 1233 1510 visa3
1267 1450 1334 1497 anta

277 1542 366 1598 omnia
388 1542 550 1600 abominati
571 1544 747 1612 semimares,
768 1542 898 1616 iussique
918 1544 947 1599 in
969 1562 1050 1601 mare
1066 1546 1212 1619 extemplo
1226 1545 1333 1620 depor-

276 1646 337 1717 tarI,
365 1648 442 1704 sicut
461 1648 609 1722 proxime,
639 1646 673 1706 Ο.
697 1645 831 1718 Claudio,
852 1648 895 1707 M.
919 1647 1003 1705 Livio
1025 1650 1205 1720 consulibus,
1228 1650 1341 1728 deporg

220 1788 221 1820 3
277 1760 343 1808 tatus
374 1752 477 1819 similis
505 1752 631 1827 prodigii
660 1750 736 1809 letus
766 1762 838 1812 erat.
895 1754 995 1811 Nihilo
1028 1755 1122 1811 minus
1155 1750 1363 1811 decemviros9

220 1835 221 1896 }
277 1856 347 1913 adire
373 1856 468 1913 libros
498 1856 534 1911 de
562 1865 695 1931 portento
725 1875 760 1914 eo
791 1859 944 1916 iusserunt.
991 1851 1158 1916 Decemviri
1189 1878 1225 1915 ex
1252 1859 1332 1916 libris

276 1978 313 2017 res
332 1960 450 2017 divinas
472 1959 598 2031 easdem,
621 1980 685 2036 quae
705 1963 839 2037 proxime
856 1964 1012 2020 secundum
1029 1964 1058 2019 id
1069 1964 1232 2039 prodigium
1247 1962 1333 2020 factm

277 2075 372 2135 essent,
393 2066 583 2138 imperarunt.
630 2065 755 2123 Carmen
771 2076 912 2142 praeterea
927 2069 965 2125 ab
979 2077 1023 2125 ter
1036 2070 1156 2125 novenis
1173 2068 1332 2143 virginibus

277 2171 331 2227 cani
351 2190 407 2245 per
427 2171 528 2227 urbem
550 2170 704 2242 iusserunt,
725 2172 891 2246 donumque
912 2172 1018 2228 Iunoni
1039 2173 1146 2247 reginae
1166 2173 1245 2233 ferri.
1286 2174 1332 2229 Ea
1348 2172 1383 2226 10

278 2275 308 2331 uti
337 2276 459 2345 fierent,
497 2272 530 2331 O.
560 2275 697 2332 Aurelius
739 2276 839 2333 consul
867 2295 904 2333 ex
935 2277 1164 2334 decemvirorum
1191 2294 1332 2349 responso

277 2380 392 2449 curavit3
416 2397 544 2449 carmen,
566 2378 639 2435 sicut
658 2388 773 2454 patrum
790 2381 929 2439 memoria
941 2381 1052 2452 Livius,
1072 2381 1188 2438 italum
1205 2380 1333 2437 condidit

276 2483 301 2545 P.
322 2484 455 2543 Licinius
478 2483 602 2559 Tegula.

346 2589 487 2664 Expiatis
516 2588 649 2645 omnibus
675 2587 864 2663 religionibus
896 2593 976 2661 (nam
1010 2590 1095 2646 etiam
1119 2590 1221 2646 Locris
1243 2588 1332 2646 sacri·
1389 2582 1428 2650 13

273 2693 369 2769 legium
387 2694 622 2770 pervestigatum
642 2695 679 2750 ab
694 2692 731 2765 Q.
747 2694 877 2750 Minucio
894 2703 965 2764 erat,
987 2694 1167 2767 pecuniaque
1188 2713 1224 2751 ex
1248 2695 1333 2752 bonis

220 2808 221 2827 ³
272 2799 420 2855 noxiorum
441 2797 472 2854 in
493 2798 645 2853 thesauros
665 2797 824 2871 reposita),
853 2816 941 2872 quum
964 2797 1096 2854 consules
1117 2799 1147 2854 in
1169 2798 1333 2872 provincias

270 2903 408 2976 proficisci
430 2902 546 2972 vellent,
567 2901 674 2975 privati
694 2900 876 2973 frequentes,
899 2902 1002 2975 quibus
1025 2919 1061 2956 ex
1083 2902 1220 2975 pecunia,
1244 2903 1362 2975 quaml

269 3007 304 3065 ll.
324 3007 466 3076 Valerio,
492 3007 534 3063 M.
558 3005 681 3063 Claudio
709 3004 874 3063 consulibus
899 3014 1029 3061 mutuam
1056 3005 1214 3074 dederant,
1247 3005 1333 3060 tertia

267 3113 364 3186 pensio
392 3113 554 3169 debebatur
580 3129 615 3166 eo
640 3127 732 3178 anno,
758 3109 892 3165 adierunt
918 3120 1065 3180 senatum,
1096 3110 1165 3184 quia
1190 3109 1362 3179 consules,3

266 3237 352 3292 quum
375 3218 416 3275 ad
435 3234 544 3273 novum
566 3213 688 3282 bellum,
714 3213 792 3287 quod
813 3231 921 3288 magua
943 3213 1035 3270 classe
1057 3214 1228 3288 magnisque
1248 3234 1332 3272 exer-

265 3322 367 3381 citibus
382 3320 541 3397 gerendum
558 3327 643 3387 esset,
663 3317 715 3373 vix
736 3318 868 3374 aerarium
892 3316 1045 3386 sufficeret,
1067 3325 1245 3391 negaverant
1260 3334 1331 3388 esse,

264 3427 338 3483 unde
359 3427 397 3483 iis
417 3427 449 3482 in
470 3422 624 3499 praesentia
645 3423 816 3482 solveretur.
864 3421 990 3480 Senatus
1019 3431 1171 3496 querentes
1200 3438 1250 3476 eos
1271 3425 1361 3478 nont

263 3530 418 3587 sustinuitr
434 3519 459 3586 si
479 3528 509 3585 in
531 3528 673 3584 Punicum
692 3526 799 3584 bellum
821 3527 945 3600 pecunia
967 3527 1037 3583 data
1057 3526 1087 3582 in
1109 3524 1328 3582 Macedonicum

263 3653 381 3708 quoque
402 3633 509 3691 bellum
532 3631 575 3689 uti
595 3649 642 3688 res
663 3631 779 3707 publica
800 3630 903 3700 vellet,
935 3630 998 3691 aliis
1026 3647 1062 3685 ex
1086 3630 1149 3685 aliis
1172 3629 1329 3686 orientibus

262 3738 360 3808 bellis,
399 3737 469 3811 quid
501 3737 579 3792 aliud
615 3755 702 3810 quam
736 3736 913 3810 publicatam
942 3752 996 3807 pro
1024 3734 1162 3790 beneficio
1192 3742 1331 3808 tanquam

253 3843 353 3915 ¹noxis
379 3860 463 3898 suam
490 3841 641 3915 pecuniam
669 3839 753 3897 fore?
797 3840 894 3913 Quum
917 3847 946 3895 et
966 3839 1073 3912 privati
1095 3857 1208 3912 aequnm
1231 3842 1361 3913 postu-⁴5

261 3948 365 4018 larent,
386 3963 441 4002 neo
462 3955 560 4002 tamen
581 3944 721 4000 solvendo
745 3962 801 4000 aere
822 3945 916 4000 aliano
939 3943 1122 4017 respublica
1144 3951 1228 4012 esset,
1252 3942 1329 4015 quod

262 4052 389 4109 medinm
409 4051 486 4107 inter
506 4066 620 4122 aequum
646 4055 675 4104 et
695 4049 764 4104 utile
786 4056 857 4119 erat,
881 4049 1086 4118 decreverunt,
1116 4055 1162 4117 ut,
1192 4045 1360 4119 quoniamb

262 4174 369 4230 magna
390 4172 460 4230 pars
482 4171 581 4210 eorum
605 4170 692 4228 agros
713 4154 801 4228 vulgo
822 4154 941 4210 venales
964 4170 1027 4209 esse
1050 4153 1157 4208 diceret
1174 4161 1202 4207 et
1216 4150 1330 4206 sibimet

262 4260 365 4335 emptis
377 4277 452 4335 opus
464 4275 536 4329 esse,
555 4257 619 4332 agri
630 4258 748 4333 publici,
767 4258 816 4333 qui
830 4258 908 4315 intra
921 4257 1192 4332 quinquagesimum
1202 4256 1328 4331 lapidem
1389 4323 1394 4334 .
1419 4332 1421 4337 ⁴
