3484 5025
494 536 574 586 Liber
585 536 712 587 XXXIX.
748 531 958 598 (alchaico.)
1163 540 1217 593 lbi

274 740 285 777 r
308 720 381 778 dixit
402 695 556 779 hominum
575 738 653 791 esse,
681 721 730 794 qui
760 738 792 777 sa
820 720 943 778 indicem
967 720 1099 777 manibus
1121 720 1181 777 a'uis
1203 720 1261 778 dis·

276 826 322 882 uri
343 836 447 882 essent.
480 826 590 899 ltaque
608 825 664 882 hoc
685 844 718 883 se
732 824 901 900 Sulpiciam,
923 826 979 883 hoc
1001 825 1148 882 consulem
1167 829 1293 894 orare,6
1360 899 1363 903 ἢ

274 954 279 985 2
302 941 387 988 extra
407 930 523 987 Italiam
547 930 645 1004 aliquo
669 932 868 999 amandarent,
890 929 939 986 uhi
960 930 1101 1003 reliquum
1124 930 1191 987 vite
1213 931 1261 987 de·
1330 997 1334 1005 Ι

291 1046 355 1094 tuto
384 1028 493 1111 posset.
551 1034 636 1093 Bono
666 1035 763 1092 animo
788 1035 978 1105 esse'iubare
1008 1054 1073 1093 eam
1100 1036 1202 1093 consul
1235 1039 1318 1093 etl·

274 1160 349 1198 cura
370 1141 435 1199 iore
455 1142 560 1209 dicere,
581 1143 734 1200 ut'Romae
756 1150 818 1197 tuto
840 1142 993 1199 habitarat.
1037 1143 1114 1207 Tum
1137 1141 1294 1216 Hispala8

274 1267 336 1305 uem
358 1266 508 1304 sacrorum
531 1247 685 1334 expromit.
732 1246 833 1304 Primo
857 1248 1016 1305 sacrarium
1038 1247 1068 1304 id
1090 1245 1262 1304 feminarum

274 1373 294 1422 a,
316 1372 369 1410 nec
390 1371 565 1427 quemquam
588 1371 622 1409 co
645 1352 738 1409 virum
761 1352 874 1409 admitti
890 1352 1015 1409 solitum.
1053 1354 1128 1409 Tres
1142 1352 1172 1408 in
1187 1370 1264 1408 anno

274 1476 287 1514 s
321 1458 382 1515 dies
420 1458 571 1528 habuisse,
608 1459 712 1534 quibus
747 1458 871 1515 interdiu
909 1457 1033 1516 Bacchis
1068 1457 1263 1523 initiarentur3

274 1563 362 1621 dotes
377 1564 407 1620 in
429 1561 693 1621 vicem'matrouas
709 1564 800 1622 creari
818 1563 929 1620 solitas.
966 1562 1117 1620 Pacullam
1135 1561 1294 1648 Anniam9

274 1686 383 1743 penam
401 1668 580 1727 sacerdotem
604 1669 716 1739 omnia,
745 1678 884 1744 tanquam
907 1669 991 1725 deum
1014 1647 1140 1737 monitu,
1161 1668 1263 1723 immu-

279 1792 287 1842 ;
310 1792 378 1829 nam
403 1783 432 1829 et
452 1773 532 1830 viros
553 1793 618 1829 eam
641 1776 764 1849 primam
787 1776 862 1833 filios
885 1792 954 1830 suos
975 1774 1115 1848 initiasse,
1142 1773 1263 1830 Minium

274 1878 428 1935 {araunium
452 1876 613 1947 Cerrinios,
643 1890 672 1935 ct
698 1889 869 1937 nocturnum
894 1891 1007 1935 sacrum
1031 1898 1067 1935 ex
1098 1878 1211 1942 diurno,
1237 1889 1266 1935 ct

274 1985 365 2040 tribus
387 1984 416 2040 in
445 2002 522 2039 anno
544 1982 646 2041 diebus
668 1984 773 2058 quinos
794 1984 916 2059 singulis
938 1976 1168 2042 mensibus‘dies
1188 1984 1265 2040 initi-

274 2112 279 2145 ι
307 2089 420 2149 fecisse.
464 2090 512 2146 Ex
542 2107 600 2163 quo
630 2090 660 2145 in
689 2090 854 2164 promiscuo
886 2088 972 2147 sac'ra
999 2069 1056 2146 sint
1080 2100 1106 2146 et
1129 2088 1266 2174 permixti
1281 2093 1316 2146 10
1398 2136 1401 2144 ,

279 2194 413 2263 feminis,
444 2204 472 2251 et
500 2195 593 2251 noctis
614 2194 731 2251 boeotia
753 2196 922 2264 accesserit,
950 2194 1021 2251 nihil
1049 2194 1089 2251 ihi
1118 2194 1266 2264 facinoris,

295 2300 397 2374 flagitii
427 2298 660 2374 praetermissum.
708 2297 800 2355 Plura
830 2300 959 2357 virorum
986 2301 1061 2357 inter
1084 2318 1148 2362 sese
1177 2319 1265 2373 quam

274 2425 371 2463 aarum
394 2423 457 2462 esse
479 2416 589 2479 stupra
630 2403 663 2463 Si
686 2404 735 2478 qui
757 2404 851 2462 minus
872 2406 1015 2480 patientes
1037 2406 1187 2462 dedecoris
1209 2406 1266 2462 sint
1282 2411 1315 2464 ll

274 2514 391 2588 igriores
418 2509 457 2568 ad
478 2508 606 2580 facinus,
637 2530 690 2584 pro
719 2511 844 2569 victimis
871 2512 1029 2593 immolari.
1070 2511 1158 2570 ¹Nihil
1185 2494 1267 2568 nefas

274 2637 312 2686 re,
334 2619 410 2674 hanc
432 2635 574 2672 summam
598 2616 745 2672 intereos
766 2617 934 2692 religionem
955 2633 1032 2674 esse.
1068 2618 1167 2688 Viros,
1189 2617 1268 2674 velut
1285 2622 1318 2676 12

274 2744 295 2780 a
316 2734 414 2798 capta,
436 2740 500 2778 cum
522 2720 680 2777 iactatione
701 2700 831 2780 fanatica
853 2723 984 2798 corporis
1008 2723 1175 2792 vaticinari;
1206 2743 1267 2780 ma-

274 2847 299 2886 rs
320 2828 505 2886 Baccharum
534 2819 636 2885 habitu
667 2828 792 2884 crinibus
813 2829 923 2904 sparsis
946 2847 1010 2886 cum
1033 2830 1201 2887 ardentibus
1222 2829 1267 2886 ia-

274 2955 279 2991 t
295 2935 448 2991 decurrere
468 2931 507 2988 ad
521 2932 662 3003 Tiberim,
683 2933 883 3008 demissasque
903 2935 1062 3009 inaquam
1086 2933 1176 3005 iaces,
1199 2935 1269 3009 quia

274 3059 297 3094 m
320 3038 443 3112 sulphur
463 3056 529 3094 cum
551 3038 630 3095 calce
644 3038 722 3107 insit,
743 3039 857 3114 integra
870 3040 990 3096 flamma
1005 3038 1116 3098 efferre.
1155 3042 1268 3114 Raptus
1284 3047 1318 3101 13

274 3145 295 3233 ξε
317 3142 450 3200 homiues
473 3143 544 3213 dici,
573 3161 647 3218 quos
675 3145 817 3202 machinas
842 3145 970 3219 illigatos
998 3164 1035 3202 ex
1060 3154 1216 3219 conspectu
1238 3145 1268 3202 in

274 3259 315 3307 tos
338 3266 442 3323 specus
463 3248 623 3322 abripiant;
651 3267 701 3306 eos
723 3267 800 3319 esse,
827 3248 877 3322 qui
903 3257 953 3303 aut
976 3247 1127 3306 coniurare
1150 3260 1199 3330 aut
1221 3268 1269 3306 so-

301 3353 482 3435 faoinoribus
510 3363 561 3410 aut
588 3362 718 3429 stuprum
752 3355 814 3430 pati
842 3353 995 3412 noluerint.
1052 3355 1266 3412 Multitn'dinem
1284 3364 1319 3417 14
1405 3399 1410 3406 -

274 3471 361 3529 rtem,
391 3457 512 3514 alterum
542 3456 599 3513 iam
630 3477 722 3533 prope
750 3459 889 3536 populum
920 3475 1011 3529 esse,
1028 3459 1057 3516 in
1085 3461 1130 3517 his
1157 3461 1269 3517 nobiles

275 3567 344 3623 dam
366 3563 446 3620 viros
467 3561 658 3636 laminasque.
701 3564 825 3621 Biennio
854 3565 995 3639 proximo·
1014 3565 1174 3622 institutum
1197 3584 1269 3636 essa,

274 3673 324 3746 ,nis
346 3669 441 3726 maior
458 3668 561 3743 viginti
583 3670 665 3724 annis
682 3668 857 3739 initiaretur3
880 3671 991 3745 captari
1006 3680 1112 3739 aetates„
1121 3680 1149 3727 et
1158 3671 1269 3734 erroris

274 3775 347 3851 tupri
369 3774 522 3849 patientes.
569 3761 695 3830 Peracto
721 3774 828 3831 indicio
857 3775 997 3832 advoluta
1023 3793 1122 3844 narsus
1149 3777 1269 3850 genibus
1325 3775 1365 3848 14

274 3901 301 3939 as
334 3879 462 3949 easdem,
501 3889 533 3935 ut
564 3896 596 3934 se
627 3878 792 3953 ablegaret,
826 3880 969 3955 repetivit.
1015 3879 1150 3938 -Consul
1185 3890 1300 3956 rogat2

274 4008 332 4056 rm,
362 3994 393 4041 ut
416 3984 544 4059 aliquam
575 3993 687 4058 partem
710 3985 813 4042 oedium
836 4003 960 4042 vacuam
983 3985 1107 4056 iaceret,
1136 4006 1193 4061 quo
1215 3987 1269 4044 Hi-

274 4091 497 4164 rimmigraret.
545 4072 722 4146 cenaculum
755 4107 842 4164 supcr
874 4091 950 4148 aedes
972 4092 1079 4168 datum*
1096 4093 1153 4161 est,
1183 4092 1270 4148 scalis

274 4199 360 4256 itibus
391 4195 421 4251 in
446 4194 594 4270 publicum
623 4188 783 4265 obseratis,
811 4195 891 4253 aditu
920 4197 950 4253 in
975 4197 1051 4255 aedes
1073 4215 1167 4258 verso.
1212 4200 1299 4263 Rasa
