3484 5025
477 518 533 574 l58
563 565 565 584 ,
752 512 964 565 niterxxxlx.
983 512 1030 576 (Δ.
1042 527 1067 562 u.
1081 526 1105 565 o.
1116 469 1193 574 sot.)

429 698 539 758 vicinos
562 718 649 777 agros
680 700 883 772 incursabant;
915 717 969 757 nec
995 709 1093 758 temen
1125 700 1155 757 in
1187 700 1349 758 discrimen
1378 716 1479 756 summe

428 825 524 864 rerum
549 808 742 883 pugnabatur.

332 910 355 980 2
514 911 546 970 C.
570 912 731 971 Flaminius
753 913 867 982 consul,
900 931 965 970 cum
986 912 1165 971 Friniatibus
1191 910 1354 987 Liguribus
1373 910 1402 967 in
1420 927 1477 985 agro

367 1048 370 1064 ·
430 1037 528 1077 eorum
550 1018 679 1094 pluribus
700 1020 808 1095 proeliis
840 1019 972 1076 secundis
1004 1018 1098 1090 factis,
1129 1018 1160 1076 in
1181 1018 1362 1077 deditionem
1383 1026 1477 1093 genten

399 1126 541 1200 laccepit
561 1135 590 1182 et
611 1144 694 1183 erma
718 1126 833 1186 ademit.
877 1127 923 1184 Ea
945 1126 1015 1200 quio
1035 1144 1094 1183 non
1116 1126 1231 1183 sincera
1252 1125 1314 1182 fide
1335 1124 1476 1194 tradebant,

430 1248 516 1305 quum
540 1231 760 1305 castigarentur,
791 1232 899 1289 relictis
931 1231 1003 1289 vicis
1038 1232 1068 1288 in
1100 1239 1231 1288 montem
1253 1231 1403 1308 Auginum
1422 1248 1475 1306 pro

399 1336 572 1411 3fugerunt.
605 1334 765 1394 Confestim
787 1347 903 1393 secutus
926 1346 971 1395 est
992 1338 1106 1408 consu13
1128 1347 1257 1395 ceterum
1281 1336 1367 1395 effusi
1385 1353 1474 1404 rursus,

429 1451 458 1499 et
478 1461 547 1517 pars
572 1441 702 1499 maxims
722 1442 863 1513 inermes,
899 1461 953 1518 per
973 1442 1052 1500 invio
1073 1453 1102 1511 et
1122 1462 1211 1519 rupes
1233 1445 1375 1519 deruptas
1394 1441 1473 1518 praei
1501 1505 1503 1514 ¹

429 1549 554 1624 pitantes
565 1547 710 1623 fugerunt,
732 1567 790 1623 qua
801 1549 884 1624 sequi
895 1549 986 1606 bostis
998 1568 1055 1606 uon
1071 1559 1177 1624 posset.
1210 1550 1260 1607 Ite
1274 1560 1357 1607 trans
1372 1552 1471 1624 Appen·
1501 1557 1503 1562 '

428 1654 527 1712 ninum
549 1654 694 1723 abierunt3
726 1654 776 1729 qui
797 1655 901 1712 castris
924 1673 956 1713 se
983 1664 1149 1726 tenuerent,
1180 1654 1364 1713 circumsessi
1386 1663 1414 1710 ot
1435 1670 1470 1710 ex·

398 1760 550 1836 lpugueti
581 1769 656 1816 sunt.
698 1760 772 1817 Inde
803 1770 884 1818 trans
916 1761 1121 1837 Appenninum
1145 1761 1239 1819 duotoe
1261 1760 1398 1836 legiones.
1438 1756 1469 1815 lli

428 1865 544 1935 montis,
565 1884 650 1940 quem
671 1876 817 1941 ceperant,
849 1866 1000 1924 altitudine
1021 1865 1169 1942 paulisper
1189 1884 1223 1923 se
1244 1866 1342 1936 tutati,
1372 1884 1434 1922 mox
1447 1863 1473 1932 in,

429 1972 602 2029 deditionem
624 1982 837 2032 concesseruut.
874 1974 951 2030 Tum
973 1972 1136 2048 conquisita
1156 1990 1222 2030 cum
1246 1973 1399 2030 intentiore
1416 1987 1466 2028 curt

398 2084 512 2138 barma
544 2088 573 2135 et
604 2079 702 2135 omnia
735 2080 882 2154 adempte.
930 2079 1117 2136 Translatum
1149 2078 1254 2138 deinde
1289 2080 1328 2136 ad
1349 2082 1465 2153 Apuanos

428 2184 552 2259 Ligures
573 2184 697 2254 bellum,
731 2185 780 2259 qui
804 2185 834 2241 in
859 2203 961 2259 agrum
992 2185 1132 2242 Pisanum
1149 2182 1463 2261 Bononiensemqueits

397 2289 664 2361 flincursaverant,
697 2300 729 2347 ut
756 2291 812 2348 coli
839 2310 899 2348 non
920 2301 1049 2367 possent.
1088 2290 1145 2375 His
1173 2309 1292 2367 quoque
1312 2287 1462 2367 perdomitis

428 2396 530 2453 consul
551 2414 652 2470 pacem
675 2396 754 2453 dedit
773 2396 910 2454 finitimis.
942 2398 982 2455 Et
1003 2396 1080 2471 quia,
1102 2415 1120 2452 a
1141 2396 1219 2454 bello
1243 2397 1342 2472 quieta
1361 2391 1483 2453 uteret

428 2503 587 2579 provincia,
609 2501 753 2574 effecerat,
774 2522 811 2560 ne
831 2503 862 2559 in
884 2504 944 2561 otio
959 2503 1077 2560 militem
1098 2503 1229 2572 heberet,
1251 2504 1330 2562 viam
1352 2522 1370 2561 a
1390 2503 1459 2560 Bono

398 2612 478 2671 inis
500 2610 636 2685 perduxit
658 2610 816 2667 Arretium.
862 2592 904 2669 M.
927 2610 1066 2667 AEmilius
1096 2609 1170 2666 alter
1199 2610 1302 2667 consul
1330 2626 1411 2684 agros
1426 2603 1458 2662 li·
1501 2630 1503 2655 =

428 2733 531 2791 gurum
553 2716 701 2791 vicosque,
722 2717 772 2791 qui
793 2718 823 2775 in
841 2715 951 2791 eampis
966 2724 1018 2771 aut
1031 2715 1155 2772 vellibus
1170 2724 1263 2785 erant,
1285 2716 1356 2791 ipsis
1376 2721 1457 2772 montet

429 2822 512 2891 duos,
534 2821 686 2878 Ballistam
707 2821 983 2896 Suismontiumque,
1006 2822 1177 2891 tenentibus,
1199 2820 1310 2877 deussit
1331 2817 1456 2897 depopulo
1497 2796 1503 2847 l

397 2928 531 3000 8t-usque
552 2937 604 2983 est.
647 2928 762 2985 Deinde
784 2946 843 2997 eos,
866 2929 916 3002 qui
938 2927 968 2983 in
988 2926 1133 2984 montibus
1148 2935 1240 2996 erent,
1262 2927 1379 2983 adortus
1393 2923 1455 3000 print
1502 2901 1503 2908 i

426 3033 539 3090 levibus
560 3033 668 3108 proeliis
697 3033 848 3108 fatigavit3
883 3044 1030 3108 postremo
1054 3042 1170 3089 coactos
1200 3033 1230 3088 in
1258 3033 1350 3089 aciem
1371 3032 1455 3088 deco
1496 3019 1503 3057 ³

396 3140 495 3197 9dere
515 3140 592 3198 iusto
613 3140 716 3216 proelio
738 3139 851 3209 devicit,
874 3138 903 3195 in
929 3159 987 3213 quo
1011 3149 1040 3196 et
1060 3139 1149 3194 aedem
1162 3138 1370 3196 Dienaevovit.
1408 3135 1456 3195 sot»
1498 3152 1503 3163 ·

426 3246 498 3303 sctis
529 3246 569 3304 ois
598 3244 805 3321 Appenninum
836 3244 985 3314 omnibus,
1016 3255 1075 3301 tum
1102 3253 1341 3302 transmontanos
1369 3230 1468 3300 aduu'
1497 3256 1500 3266 ·

426 3352 467 3424 (iu
489 3352 534 3408 his
557 3363 585 3408 et
606 3351 752 3409 Friniates
772 3350 895 3425 Ligures
917 3360 1014 3420 erant,
1051 3368 1124 3425 quos
1144 3369 1202 3407 non
1227 3351 1342 3408 adierat
1363 3348 1395 3409 C.
1411 3344 1455 3404 Flu
1497 3336 1503 3355 ⁸

426 3457 541 3532 minius)
563 3474 662 3515 omnes
684 3456 822 3514 AEmilius
843 3456 967 3530 subegit,
991 3474 1130 3530 armaque
1151 3455 1270 3526 ademit,
1300 3467 1330 3513 et
1351 3457 1386 3512 de
1401 3467 1455 3509 not·

378 3565 412 3618 10
426 3564 502 3620 tibus
534 3564 564 3620 in
596 3581 715 3638 campos
747 3562 957 3619 multitudinem
990 3562 1118 3618 deduxit.
1166 3563 1288 3619 Pacatis
1321 3546 1455 3638 Liguribus

426 3669 583 3726 exercitum
616 3670 646 3725 in
678 3687 779 3744 agrum
802 3668 948 3727 Gallicum
971 3669 1071 3740 duxit,
1103 3668 1241 3743 viamque
1276 3687 1295 3724 a
1327 3661 1455 3727 Placentia
1498 3670 1503 3689 ⁴

376 3776 408 3830 ll
426 3782 457 3830 ut
477 3773 629 3830 Flaminiar
650 3775 850 3843 committeret,
873 3774 1036 3832 Ariminum
1059 3773 1203 3849 perduxit.
1244 3774 1355 3831 Proelio
1376 3770 1455 3832 ultimo

425 3896 484 3953 quo
509 3896 574 3936 oum
597 3880 754 3955 Liguribus
775 3879 864 3955 signis
886 3879 999 3937 collatis
1021 3880 1165 3951 conflixit,
1200 3879 1293 3937 aedem
1316 3877 1413 3937 lunoni
1428 3876 1474 3930 rr*
1501 3863 1503 3897 ¹

423 3984 498 4059 giuae
519 3984 608 4041 vovit.
1501 3968 1503 3981 ¹

328 4083 349 4152 3
507 4091 580 4147 Haec
601 4091 631 4147 in
652 4090 807 4165 Liguribus
840 4111 876 4148 eo
904 4109 980 4148 anno
1002 4100 1100 4167 geste-3
1131 4092 1161 4148 iu
1194 4089 1297 4149 Gallia
1315 4091 1358 4147 M.
1379 4083 1456 4147 Furiut

424 4206 531 4272 praetor
551 4197 712 4254 insontibus
733 4195 923 4268 Cenomanis,
954 4198 983 4254 in
1015 4217 1088 4273 pace
1109 4196 1234 4273 speciem
1257 4195 1326 4252 belli
1348 4203 1457 4271 quorem

391 4302 573 4359 lademerot
594 4321 685 4365 arma.
742 4303 777 4360 Id
806 4302 967 4361 Cenomani
999 4304 1092 4379 questi
1120 4303 1226 4362 Romae
1248 4302 1327 4379 apud
1345 4306 1457 4360 seusun

298 4418 372 4474 h
