3484 5025
498 532 535 585 70
748 526 826 578 Liber
842 525 982 576 XXXVII.
1006 526 1052 590 (t.
1065 541 1091 575 u.
1107 541 1129 575 c.
1140 526 1213 591 564.)

455 712 533 769 vium
563 712 654 788 capit;
687 713 760 770 alter
792 732 884 788 prope
913 713 1007 789 ipsum
1038 712 1198 787 Lamptera
1218 722 1272 770 est
1321 712 1379 769 Hos
1396 723 1465 787 portus

455 818 611 875 tutissimos
643 838 731 894 quum
763 831 932 895 occupasset
958 820 1093 876 Romana
1124 818 1237 889 classis,
1271 818 1419 894 priusquam
1434 827 1467 876 rut

455 924 540 982 scalis
573 936 623 981 aut
658 926 793 1001 operibus
818 925 925 982 moenia
957 924 1182 1000 aggrederetur,
1215 924 1366 982 mittendos
1393 923 1467 984 ausu

455 1043 574 1106 praetor,
612 1031 661 1105 qui
698 1032 857 1107 principum
898 1032 1177 1107 magistratuumque
1208 1030 1321 1087 ammos
1354 1025 1468 1090 tentarat¹

455 1137 615 1211 Postquam
639 1137 798 1194 obstinatos
816 1138 897 1207 vidit,
930 1138 1043 1194 duobus
1068 1135 1154 1193 simul
1183 1135 1256 1193 loeis
1277 1154 1428 1212 oppugnare
1441 1145 1470 1194 et

425 1240 583 1300 iadortus.
626 1243 729 1301 Altera
756 1262 825 1319 pars
853 1241 1020 1318 infrequens
1047 1241 1175 1299 edificiis
1197 1253 1275 1312 erat;
1296 1242 1397 1319 templa
1412 1243 1467 1300 deus

456 1348 633 1423 aliquantum
655 1351 792 1406 tenebant
811 1349 882 1418 loci3
904 1367 940 1405 ea
953 1347 1032 1423 prius
1048 1348 1137 1404 ariete
1148 1348 1269 1405 admoto
1283 1361 1439 1424 quaterem
1495 1368 1496 1372 ¹

424 1454 604 1529 3turresque
630 1455 723 1530 coepit.
773 1456 851 1512 Dein
873 1473 959 1529 quum
982 1472 1017 1511 eo
1040 1453 1192 1510 multitudo
1217 1464 1379 1511 occurreret
1396 1453 1423 1509 ei
1441 1487 1453 1498 „

454 1557 636 1630 fundendum,
658 1561 750 1618 altera
772 1580 887 1636 quoque
907 1561 1135 1636 parteadmotus
1158 1559 1245 1629 aries,
1266 1561 1363 1617 etiam
1376 1559 1463 1633 utrisq!
1494 1562 1496 1566 ’

425 1667 654 1724 decernebantur
682 1668 765 1724 muri.
814 1668 863 1725 Ad
891 1685 1013 1741 quorum
1041 1683 1139 1723 casum
1166 1683 1255 1740 quum
1281 1667 1410 1742 impetum
1429 1663 1465 1721 ts:
1489 1670 1491 1678 ’

454 1773 532 1827 mani
553 1772 657 1829 milites
678 1792 730 1848 per
754 1774 847 1849 ipsam
873 1782 998 1848 stragem
1022 1773 1168 1830 ruinarum
1191 1771 1333 1842 iacerent,
1353 1772 1397 1829 alii
1466 1766 1469 1769 ’

426 1877 542 1934 5etiam
564 1877 733 1936 adscensum
761 1880 792 1936 iu
817 1897 915 1936 muros
936 1888 1088 1948 tentarent,
1117 1878 1191 1935 adeo
1216 1878 1361 1937 obstinate
1396 1902 1454 1926 :au

456 1981 603 2057 oppidani,
631 1996 662 2040 ut
689 1982 775 2043 facile
807 1998 970 2060 appareret,
998 1984 1063 2059 plus
1083 1984 1113 2040 in
1135 1984 1224 2041 armis
1247 1996 1276 2042 et
1296 1985 1395 2042 virtute
1411 2002 1448 2058 qv

426 2087 485 2147 oin
505 2089 646 2145 moenibus
671 2089 771 2145 auxilii
792 2108 865 2150 esse.
909 2088 1035 2149 Coactus
1059 2109 1128 2166 ergo
1150 2090 1279 2165 periculo
1303 2090 1411 2148 militum
1428 2116 1444 2137 u

454 2204 501 2251 tor
522 2196 647 2270 receptui
673 2196 738 2253 caui
764 2196 855 2266 iussit,
883 2216 921 2253 ne
949 2197 1085 2253 obiiceret
1114 2196 1250 2254 incautos
1280 2196 1443 2255 furentibus
1489 2201 1494 2215 “

425 2302 618 2377 7speratione
648 2320 682 2358 aa
708 2303 798 2359 rabie.
852 2304 1004 2377 Dirempto
1032 2302 1151 2376 proelio,
1179 2322 1218 2360 ne
1251 2314 1313 2361 tum
1334 2302 1430 2378 quidem
1483 2321 1484 2324 ¹

456 2409 578 2483 quietem
596 2408 681 2476 versi,
703 2410 753 2465 sed
775 2408 901 2483 undique
922 2427 1020 2466 omnes
1041 2410 1077 2466 ad
1100 2410 1257 2467 munienda
1277 2421 1306 2468 et
1321 2406 1435 2465 obmoli

426 2521 519 2589 8quae
544 2516 633 2572 ruinis
663 2525 755 2572 atrata
785 2527 883 2585 erant,
919 2527 1130 2577 concurrerunt.
1183 2517 1262 2574 Huic
1292 2516 1370 2592 operi

454 2622 618 2694 supervenit
640 2621 676 2694 Q.
699 2623 854 2693 Antonius,
879 2643 897 2679 a
919 2635 1041 2698 praetore
1062 2624 1175 2694 missus,
1198 2624 1258 2698 qui,
1280 2623 1411 2697 castigata
1433 2646 1446 2665 κ

455 2725 562 2782 tinacia
583 2745 692 2797 eorum,
714 2729 851 2784 maiorem
874 2749 972 2785 curam
995 2729 1133 2787 Romanis
1158 2747 1246 2802 quam
1269 2729 1324 2785 illis
1348 2723 1442 2784 ostend
1491 2752 1496 2759 ·

426 2840 529 2899 9esse,
562 2850 597 2887 ne
626 2833 655 2888 in
684 2834 836 2908 perniciem
865 2836 944 2892 urbis
971 2844 1160 2910 pugnaretur;
1193 2835 1217 2891 si
1247 2836 1382 2891 absistere
1419 2855 1454 2880 ¹¹⁴¹
1483 2875 1485 2882 ,

455 2936 569 3007 vellent,
596 2949 767 3013 potestatem
795 2940 829 2995 iis
862 2941 925 2997 dari
959 2941 1058 2997 eadem
1088 2941 1266 3010 condicione,
1294 2961 1351 3016 qua
1373 2938 1456 3015 prius
1483 2924 1496 2971 '³

408 3043 532 3107 10Livii
553 3046 582 3100 in
603 3045 687 3101 fidem
710 3045 869 3115 venissent,
897 3067 928 3104 se
949 3047 1090 3106 tradendi.
1145 3048 1217 3104 Haec
1245 3066 1333 3122 quum
1355 3043 1441 3103 am'm
1492 3046 1496 3065 ²

457 3151 582 3224 quinque
605 3153 714 3208 dierum
742 3151 836 3225 spatio
865 3152 902 3207 ad
930 3151 1144 3208 deliberandum
1171 3164 1298 3228 sumpto,
1329 3160 1425 3209 tentata

457 3256 540 3312 terim
562 3275 614 3331 spe
636 3257 734 3313 auxilii
757 3257 793 3313 ab
816 3258 980 3326 Antiocho,
1011 3271 1166 3332 postquam
1188 3260 1277 3334 legati
1301 3258 1377 3316 missi
1396 3254 1425 3312 eti

457 3381 522 3436 gem
550 3364 619 3420 nihil
646 3364 675 3420 iu
700 3382 734 3419 eo
756 3364 881 3438 praesidii
909 3381 971 3420 esse
991 3362 1165 3434 retulerant,
1194 3376 1255 3423 tum
1284 3377 1380 3441 portas
1399 3380 1439 3418 ew

408 3476 440 3528 tt
458 3480 549 3538 crunt,
568 3471 655 3544 pacti,
676 3488 712 3525 ne
734 3470 802 3543 quid
824 3469 927 3526 hostile
948 3480 1122 3545 paterentur.
1164 3470 1259 3543 Quum
1277 3471 1416 3546 signeinu
1433 3489 1446 3510 ==

457 3575 629 3632 inferrentur
652 3587 680 3631 et
703 3576 916 3649 pronuntiasset
936 3587 1051 3651 praetor,
1070 3577 1151 3651 parci
1172 3596 1204 3633 se
1223 3577 1327 3634 deditis
1347 3574 1419 3640 velle,

459 3699 522 3736 mor
543 3683 668 3755 undique
691 3691 735 3737 est
753 3681 892 3749 sublatus,
914 3682 1062 3756 indignum
1083 3681 1195 3739 facinus
1218 3701 1291 3753 esse,
1313 3683 1449 3740 Phoaru

459 3805 604 3861 nunquam
626 3789 699 3843 fidos
721 3788 825 3857 socios,
846 3806 959 3862 semper
980 3787 1099 3843 infestos
1120 3789 1228 3858 hostes,
1250 3783 1457 3862 impune

410 3890 508 3948 trab
541 3893 596 3948 hac
618 3912 698 3963 voce,
730 3893 810 3950 velut
836 3894 918 3970 siguo
948 3913 966 3949 a
992 3906 1114 3969 praetore
1140 3895 1225 3963 dato,
1258 3895 1296 3951 ad
1324 3891 1440 3967 diripie

459 4000 558 4055 urbem
585 3999 692 4073 passim
723 4000 893 4057 discurrunt.
942 3999 1079 4056 AEmilius
1106 4000 1200 4075 primo
1224 4000 1356 4057 resistcre
1376 4008 1401 4053 et
1430 4030 1433 4038 1

460 4124 535 4176 care,
558 4107 688 4177 diceudo,
711 4119 821 4182 captas,
843 4125 900 4163 non
922 4105 1034 4161 deditas
1055 4104 1140 4179 diripi
1156 4104 1252 4172 urbes,
1274 4106 1341 4162 etin
1355 4102 1395 4160 his
1412 4125 1417 4139 ³

412 4212 651 4287 l3imperatoris,
685 4232 743 4269 non
772 4213 892 4269 militum
926 4211 1074 4268 arbitrium
1096 4227 1167 4266 esse.
1221 4211 1378 4286 Postquam
1403 4206 1435 4262 ia

460 4319 584 4374 avaritia
605 4318 725 4392 imperio
747 4319 911 4394 potentiora
932 4328 1022 4388 eraut,
1043 4317 1223 4392 praeconibus
1239 4336 1292 4392 per
1306 4318 1396 4375 urbem
1412 4338 1438 4358 ³¹·
