3484 5025
435 543 469 596 10
691 536 769 585 Liber
784 535 910 584 xxxvl.
948 535 996 597 (A.
1007 550 1034 584 n.
1045 550 1067 584 c.
1081 534 1155 596 568.)

340 722 594 795 ibrisaeorumqnc
616 721 742 777 deditum
766 728 809 775 cst
830 720 1004 792 praesidium.
1041 717 1164 774 Dimissi
1184 718 1222 773 ab
1238 715 1397 791 regeinriolatl

388 844 502 896 ornnes,
539 827 617 900 quod
650 846 714 883 eam
748 843 808 881 rem
838 824 937 898 magni
971 824 1110 879 momenti
1141 823 1267 880 futuram
1293 817 1400 898 [raalai

389 933 584 990 conciliandos
605 932 799 989 Larisaeorum
825 928 937 985 animos
960 928 1106 986 credebat.

298 1031 336 1101 10
425 1042 430 1051 ’
472 1038 555 1093 lntra
575 1037 717 1093 decimum
740 1037 825 1101 diem,
848 1053 935 1107 quam
957 1035 1071 1091 Pheras
1092 1041 1224 1104 venerat,
1243 1032 1287 1089 his
1306 1029 1402 1105 periculi.
1437 1041 1449 1062 ¹

389 1140 572 1199 Crannonem
600 1142 747 1217 profectus
774 1160 838 1197 cnm
867 1148 929 1196 toto
954 1140 1081 1196 exercitu
1104 1140 1200 1214 primo
1222 1137 1336 1193 adventu
1351 1132 1402 1207 eqd

359 1247 461 1306 21nde
483 1245 609 1304 Cierium
630 1257 657 1304 et
679 1246 864 1322 Metropolim
889 1246 973 1302 otiis
995 1232 1181 1302 circumiecta
1203 1237 1404 1314 castallaresql

390 1353 546 1427 omniaque
559 1353 631 1409 ‘iam
655 1352 782 1426 regionis
804 1352 865 1408 eius
893 1360 998 1425 praeter
1020 1352 1163 1407 Atracem
1186 1358 1214 1407 et
1235 1342 1405 1423 Gyrtoneu‘!
1441 1403 1446 1408 .

360 1464 534 1532 3potestate
564 1468 655 1513 erant.
704 1458 788 1513 Tunc
816 1456 934 1530 aggredi
958 1455 1089 1512 Larisam
1117 1454 1279 1524 constitnit,
1305 1460 1367 1509 ratus
1379 1445 1410 1504 nl.

391 1575 501 1618 terrore
523 1573 683 1618 ceterarum
706 1574 937 1636 expugnat-arum
966 1560 1012 1616 vel
1033 1560 1175 1618 beneflcio
1199 1558 1321 1636 praesidii
1337 1549 1406 1612 diota·

389 1666 436 1723 vel
459 1668 592 1742 exenrplo
615 1675 659 1722 tot
680 1666 840 1723 civitatium
863 1666 1026 1723 dedentium
1050 1683 1114 1723 sese
1134 1684 1196 1722 non
1216 1666 1292 1723 ultra
1314 1663 1338 1719 in
1353 1656 1407 1736 pati·
1444 1713 1449 1721 .

359 1772 475 1832 tnacia
495 1790 656 1828 mansuros.
690 1772 861 1846 Elephantis
881 1772 929 1846 agi
948 1779 1015 1827 ante
1030 1770 1114 1845 signa
1128 1771 1249 1828 terroris
1264 1759 1408 1832 causaiud

391 1876 534 1949 quadrato
552 1874 667 1951 agmine
684 1874 722 1931 ad
734 1875 833 1931 urbem
845 1874 970 1946 incessit,
988 1887 1019 1932 ut
1035 1875 1136 1933 incerti
1150 1865 1407 1933 fluctuor-entare&

391 1999 503 2055 magnae
525 1981 617 2055 partis
639 1981 832 2037 Larisaeorum
855 1982 930 2038 inter
953 1989 1058 2038 metum
1082 1989 1254 2056 praesentem
1276 1979 1408 2037 hostien!

362 2086 594 2145 orerecundiam
613 2085 773 2142 absentium
791 2085 945 2146 sociorum.
978 2088 1037 2143 Per
1054 2086 1173 2143 eosdem
1191 2086 1254 2144 dies
1268 2088 1321 2143 Am
1401 2139 1408 2156 ,

391 2208 454 2249 cum
468 2192 666 2247 Athamanum
682 2190 829 2246 iuventute
841 2200 966 2264 occupat
976 2191 1160 2262 Pellinaeum,
1180 2200 1210 2248 et
1222 2191 1362 2265 Menippus

391 2294 483 2351 tribus
516 2294 641 2352 millibus
669 2296 796 2370 peditum
825 2295 993 2353 AEtolorum
1027 2310 1055 2353 et
1087 2296 1220 2353 ducentis
1252 2287 1399 2370 equitibus'

391 2400 587 2457 Perrhaebiam
600 2400 748 2476 proiectus
756 2401 904 2458 Malloeam
918 2412 946 2457 et
956 2400 1088 2476 Cyretias
1100 2401 1130 2457 vi
1141 2401 1219 2476 cepit
1230 2410 1257 2457 et
1266 2400 1333 2475 depo

361 2513 377 2562 ti
393 2517 436 2561 est
451 2523 553 2580 agrum
566 2506 788 2582 Tripolitanum.
834 2506 890 2563 His
902 2506 1008 2581 raptim
1023 2508 1148 2582 peractis
1161 2506 1294 2566 Larisam
1309 2505 1410 2576 adregu

391 2612 527 2680 redeunt3
573 2612 761 2680 consultanti,
803 2613 939 2685 quidnam
983 2614 1125 2687 agendum
1168 2613 1204 2669 de
1238 2612 1335 2669 Larisa
1359 2610 1411 2671 Μ

362 2721 628 2791 isupcrvenerunt.
666 2717 713 2773 Ibi
734 2718 763 2773 in
786 2718 932 2774 diversum
955 2719 1103 2774 sententiae
1124 2718 1290 2785 tendebant,
1311 2716 1363 2772 aliis
1377 2711 1411 2767 ri!

392 2822 584 2878 adhibendam
609 2835 636 2878 ct
658 2842 716 2879 non
738 2822 928 2880 differendum
950 2824 1146 2892 censentibus,
1174 2824 1244 2897 quin
1266 2822 1412 2899 operibus&

392 2926 532 2983 machinis
563 2928 647 2984 simul
683 2929 817 3007 undique¹
844 2929 951 2984 moenia
985 2929 1193 3002 aggrederetur
1224 2930 1303 2986 urbis
1328 2918 1402 2983 sita'

362 3032 495 3106 8plano,
529 3040 629 3106 aperto
663 3044 691 3089 et
721 3033 876 3108 campestri
904 3034 1030 3108 undique
1060 3035 1156 3102 aditu,
1186 3036 1251 3092 aliis
1278 3051 1346 3091 nnnc
1368 3028 1414 3085 vi!

391 3138 470 3193 urbis
510 3156 694 3211 nequaquam
737 3138 840 3194 Pheris
882 3138 1063 3196 conferendas
1103 3141 1340 3208 memorantibus,
1369 3142 1415 3191 ΠΜ

391 3242 513 3298 hiemem
544 3252 573 3299 et
601 3257 715 3317 tempus
742 3243 810 3299 anni
838 3243 909 3300 nulli
937 3244 1047 3301 bellicae
1075 3245 1134 3315 rei,
1167 3245 1286 3302 minime
1314 3230 1415 3300 obndd

361 3355 479 3421 9atque
501 3347 709 3423 oppugnationi
733 3349 845 3404 urbium
868 3359 979 3424 aptum.
1034 3349 1150 3407 Incerto
1181 3350 1245 3424 regi
1274 3351 1343 3406 inter
1366 3354 1415 3420 tp!

391 3461 557 3526 metumque
572 3452 660 3526 legati
676 3472 694 3509 a
706 3454 859 3523 Pharsalo,
880 3454 930 3527 qui
948 3455 984 3510 ad
1001 3454 1162 3510 dedendam
1176 3455 1277 3511 urbem
1289 3447 1417 3510 suanus

346 3568 378 3621 10
391 3569 539 3628 venerant,
561 3558 673 3613 animos
696 3568 847 3614 auxerunt.
894 3559 936 3615 M.
955 3559 1071 3616 Baebius
1092 3559 1207 3615 interim
1234 3577 1298 3617 cum
1319 3555 1417 3629 Philipp

391 3661 420 3717 in
442 3662 620 3718 Dassaretiis
642 3681 813 3737 congressus
835 3667 914 3738 App.
933 3663 1085 3721 Claudium
1109 3682 1146 3720 ex
1168 3665 1314 3721 commoni
1335 3652 1418 3719 confit

392 3767 429 3822 ad
440 3767 603 3840 praesidium
615 3768 725 3825 Larisae
735 3768 821 3839 misit,
837 3769 886 3842 qui
898 3789 950 3844 per
960 3769 1162 3826 Macedoniam
1178 3771 1294 3844 magnis
1309 3764 1419 3825 itinenb!

345 3869 421 3935 11in
440 3871 537 3945 iugum
549 3874 698 3942 montium,
719 3875 797 3947 quod
813 3893 900 3949 super
916 3874 1038 3932 Gonnos
1058 3885 1109 3943 est,
1128 3875 1270 3948 pervenit.
1309 3869 1419 3949 oppilo

393 3977 492 4034 Gonni
515 3977 616 4051 viginti
639 3979 729 4034 millia
751 3981 788 4035 ab
812 3979 917 4036 Larisa
939 3981 1036 4049 abest,
1059 3979 1087 4035 in
1109 3979 1180 4053 ipsis
1202 3979 1334 4038 faucibus
1353 3976 1420 4039 sall*

344 4092 377 4145 12
393 4102 458 4158 quae
469 4085 582 4158 Tempe
594 4085 785 4159 appellantur,
800 4085 896 4141 situm.
943 4085 988 4141 lbi
1007 4095 1103 4141 castra
1122 4093 1246 4142 metatus
1265 4087 1348 4142 latius
1362 4092 1421 4157 qut!

391 4209 447 4265 pro
478 4190 569 4264 copiis
603 4202 630 4244 et
652 4191 764 4264 plures,
792 4209 878 4264 quam
907 4199 977 4264 quot
999 4191 1069 4247 satis
1097 4191 1127 4247 in
1148 4210 1232 4248 usum
1256 4200 1350 4257 erant,
1368 4189 1422 4262 itt(¹

393 4315 480 4370 quum
494 4297 680 4364 accendisset,
700 4297 834 4370 speciem,
857 4314 945 4369 quam
965 4296 1126 4370 quaesierat,
1149 4297 1227 4354 hosti
1244 4297 1320 4367 fecit,
1340 4302 1423 4352 onst!
