3484 5025
459 532 519 587 214
718 527 795 575 Liber
811 524 923 574 XXXV.
963 525 1011 584 (Α.
1025 539 1049 574 u.
1066 538 1087 572 c.
1103 522 1177 586 562.)

387 713 446 769 3in
477 710 621 771 Graeeiam
652 710 809 768 constituit.
857 708 1032 782 Priusquam
1062 707 1190 764 solveret
1216 724 1327 775 nares,
1354 704 1471 762 Diome

419 818 491 875 mari
524 815 667 885 escendit,
702 825 734 871 ut
766 813 907 871 Minervae
942 814 1128 870 sacrificaret.
1188 810 1264 868 Inde
1297 810 1337 867 ad
1366 808 1469 866 ὼυω

416 940 565 998 regressus
613 920 805 997 proficiscitur
848 918 1043 993 quadraginta
1084 916 1167 973 tectis
1201 914 1347 983 navibus,
1382 909 1472 988 apat'n

418 1028 587 1102 sexaginta3
613 1035 642 1083 et
665 1026 795 1082 ducenta
819 1022 960 1082 oneraria
982 1042 1047 1080 cnm
1069 1022 1163 1079 omnis
1185 1019 1304 1096 generis
1327 1025 1473 1076 commeat!

388 1133 580 1206 tbellicoque
601 1130 660 1187 alio
681 1140 825 1205 apparatu
847 1130 1053 1203 sequebantur.
1102 1128 1234 1185 Imbrum
1247 1104 1351 1202 'prium
1367 1121 1469 1180 inuh·

421 1237 524 1303 tenuit;
561 1235 629 1292 inde
661 1234 810 1294 Sciathum
844 1234 971 1304 traiecit,
1004 1234 1052 1290 ubi
1089 1233 1219 1291 collectis
1252 1232 1283 1288 in
1317 1229 1396 1298 alto,
1423 1243 1471 1302 qu

420 1342 567 1417 dissipatae
588 1348 679 1409 erant,
701 1340 834 1408 navibus,
857 1339 896 1395 ad
913 1338 1045 1395 Pteleum
1062 1339 1188 1414 primum
1209 1334 1387 1395 continentis
1402 1329 1471 1392 vett

389 1447 466 1510 5lbi
491 1445 674 1520 Eurylochus
703 1444 730 1501 ei
758 1445 982 1519 Magnetarches
1012 1444 1216 1519 principesque
1244 1442 1415 1516 Magnetum
1441 1436 1471 1494 d

420 1550 608 1608 Demetriade
629 1558 828 1619 occurrerunt,
858 1568 982 1623 quorum
1009 1548 1174 1624 frequentia
1198 1549 1283 1605 laetus
1307 1546 1355 1604 die
1375 1551 1471 1621 postu

420 1657 449 1715 in
470 1665 585 1732 portum
607 1656 687 1712 urbis
708 1656 832 1712 navibus
854 1666 899 1712 est
920 1654 1066 1724 invectus;
1088 1655 1189 1730 copias
1207 1653 1291 1711 haud
1310 1647 1472 1728 proculindt.

390 1761 563 1836 6exposuit.
610 1762 721 1818 Decem
752 1760 842 1817 millia
870 1761 1001 1836 peditum
1031 1760 1112 1818 fuere
1142 1771 1172 1816 et
1194 1757 1348 1833 quingenti
1368 1756 1472 1832 equiwt

421 1885 472 1922 sex
506 1866 665 1940 elephanti,
703 1865 755 1923 vix
789 1866 827 1923 ad
859 1864 1005 1924 Graeciam
1039 1867 1147 1923 nudam
1184 1864 1388 1940 occupandam
1416 1860 1473 1924 σά

422 1970 581 2043 copiarum,
602 1969 708 2026 nedum
731 1970 769 2026 ad
791 1971 989 2027 sustinendum
1012 1973 1178 2029 Romanum
1201 1969 1322 2029 bellum.
1468 1949 1471 1954 Ι

392 2083 407 2134 7
505 2074 611 2145 AEtoli‚
632 2083 788 2150 postquam
806 2075 1024 2133 Demetriadem
1046 2077 1160 2133 venisse
1175 2075 1358 2132 Antiochum
1372 2072 1472 2129 allatu

423 2190 481 2248 est,
506 2180 626 2237 concilio
648 2179 756 2237 indicto
778 2182 940 2247 decret-um,
965 2200 1023 2255 quo
1046 2188 1227 2237 accerserent
1248 2197 1334 2249 eum,
1356 2177 1471 2236 fecem

392 2284 486 2346 8lam
510 2284 658 2358 profectus
680 2287 718 2341 ab
739 2287 928 2344 Demetriade
949 2306 1011 2356 rex,
1034 2287 1103 2360 quia
1123 2286 1166 2342 ita
1187 2286 1357 2342 decreturos
1374 2281 1474 2360 aciem

391 2396 409 2451 9
423 2389 553 2446 Phalara
567 2389 597 2447 in
608 2390 701 2447 sinum
713 2391 870 2447 Maliacum
887 2400 1078 2466 processerat.
1126 2390 1209 2458 Inde,
1231 2389 1350 2447 decreto
1364 2393 1473 2462 acceptia

425 2495 558 2553 Lamiam
574 2496 662 2567 venit,
681 2506 820 2572 exceptus
831 2497 939 2573 ingenti
951 2497 1054 2556 favore
1065 2494 1256 2553 multitudinis
1269 2514 1334 2553 cum
1346 2491 1476 2570 plausibu-

425 2601 657 2676 clamoribusque
684 2612 713 2659 et
736 2603 840 2676 quibus
867 2603 932 2658 aliis
959 2603 1059 2660 laetitia
1081 2601 1174 2658 effusa
1202 2601 1383 2676 significatur
1400 2594 1476 2671 valgia

330 2705 372 2773 44
424 2706 459 2761 Iu
503 2706 654 2763 concilium
695 2717 727 2764 ut
765 2716 884 2764 ventum
923 2718 983 2777 est,
1026 2727 1102 2784 aegre
1145 2727 1163 2764 a
1202 2709 1334 2765 Phaenea
1370 2712 1479 2781 pratus.-

425 2809 660 2885 principibusque
681 2812 745 2870 aliis
766 2813 957 2883 introductus,
978 2812 1057 2871 facto
1073 2813 1197 2882 silentio,
1217 2832 1272 2869 rex
1290 2811 1386 2869 dicere
1399 2822 1471 2865 orsu·

394 2922 412 2976 2
425 2915 527 2972 Prima
542 2915 603 2972 eius
622 2919 716 2976 oratio
731 2919 786 2977 fuit
797 2918 971 2988 excusantis,
988 2918 1065 2991 quod
1077 2925 1159 2974 tanto
1172 2917 1333 2974 minoribus
1345 2934 1395 2990 spe
1404 2922 1473 2986 atqu

394 3021 561 3094 3opini0ne
586 3025 714 3080 omnium
736 3025 828 3099 copiis
850 3025 984 3082 venisset.
1032 3022 1067 3078 ld
1093 3039 1153 3077 suae
1179 3022 1319 3097 impensae
1348 3037 1414 3094 erga
1434 3030 1474 3073 eto

425 3125 582 3182 voluntatis
605 3129 763 3186 maximum
791 3130 896 3186 debere
917 3128 1053 3185 indicium
1075 3145 1154 3196 esse,
1185 3127 1264 3201 quod
1293 3144 1348 3183 nec
1375 3130 1476 3200 paratu

426 3229 496 3286 satis
518 3230 577 3287 ulla
597 3252 630 3289 re
654 3243 683 3290 et
704 3244 834 3308 tempore
865 3234 903 3290 ad
925 3233 1121 3306 navigandum
1144 3232 1301 3289 immaturo
1324 3228 1476 3287 vocantrbfl

426 3334 529 3409 legatis
561 3356 660 3395 eorum
688 3339 766 3396 haud
793 3348 915 3413 gravate
944 3339 1098 3394 obsecutus
1132 3347 1224 3407 esset,
1259 3336 1476 3408 credidissetqut,

427 3460 515 3515 quum
539 3461 570 3498 se
585 3443 723 3501 vidissent
737 3444 842 3514 AEtolt
868 3443 965 3499 omnia
987 3442 1034 3498 vel
1055 3443 1084 3497 in
1108 3460 1139 3498 se
1161 3460 1219 3499 uno
1241 3441 1342 3517 posita
1362 3436 1475 3517 prasidi·

396 3546 643 3606 ‘texistimaturos
680 3567 752 3608 esse.
815 3545 951 3605 Ceterum
987 3567 1085 3605 eorum
1120 3565 1237 3620 quoque
1278 3565 1326 3615 se,
1373 3558 1474 3621 quom!

426 3654 604 3726 exspectatio
642 3654 779 3710 destituta
817 3653 847 3708 in
886 3652 1040 3726 praesentia
1076 3651 1224 3720 videatur,
1263 3671 1346 3727 spem
1380 3646 1475 3708 abunt·

397 3758 626 3831 bexpleturum3
674 3777 741 3814 nam
786 3757 872 3814 simul
914 3757 1038 3831 primum
1076 3755 1144 3811 anni
1180 3766 1295 3830 tempus
1331 3751 1473 3830 navigatis

427 3863 597 3936 praebuisset
629 3883 725 3934 mare,
758 3881 872 3919 ornnem
905 3880 937 3918 se
965 3860 1110 3918 Graeciam
1145 3861 1249 3931 armis,
1283 3862 1372 3931 viris,
1402 3856 1471 3935 aqu'n.

397 3971 542 4024 damnem
565 3986 648 4024 oram
670 3968 844 4024 maritimam
867 3966 1008 4023 classibus
1030 3965 1257 4039 completurum
1284 3986 1339 4024 nec
1359 3968 1470 4042 impu·

429 4089 481 4127 nec
502 4071 597 4128 labori
619 4090 672 4128 uec
694 4071 821 4146 periculo
844 4091 1015 4146 parsurum,
1045 4071 1151 4141 donec,
1182 4070 1304 4145 depulso
1337 4067 1469 4129 serviebat

429 4194 528 4232 eorum
553 4176 675 4250 imperio
696 4178 847 4247 Romano,
878 4177 999 4234 liberam
1029 4193 1097 4231 vere
1119 4173 1265 4233 Graeciam
1295 4187 1384 4251 atque
1405 4175 1430 4231 in
1444 4184 1469 4225 ⁸

397 4285 413 4336 7
430 4280 573 4355 principes
586 4281 707 4338 AEtolos
726 4279 849 4338 fecisset.
899 4280 971 4339 Cum
989 4281 1162 4339 exercitibus
1181 4293 1361 4340 commeatus
1379 4290 1469 4356 quoq&
