3484 5025
471 518 509 572 to
729 515 807 564 Liber
818 514 936 567 xxxn.
954 547 956 552 -
974 514 1023 577 (A.
1035 529 1062 567 u.
1076 529 1098 568 c.
1112 514 1187 577 ⁶56.)

427 698 586 755 subiectum
609 698 668 754 arci
690 698 786 754 lorum
809 698 944 767 vaderet,
973 698 1114 758 instructa
1138 700 1216 757 acies
1238 717 1276 756 ex
1298 698 1424 755 adverso
1444 717 1489 755 oc·

397 802 525 859 bourrit.
574 802 745 859 Proesidium
769 812 831 859 erat
853 805 1047 875 Achoeorum,
1080 822 1173 878 nuper
1194 804 1381 878 impositum,
1413 803 1490 877 quin·

427 908 507 981 genti
542 907 603 963 fere
634 908 753 964 iuvenes
787 908 890 965 delecti
920 909 1047 967 omnium
1075 908 1253 992 civitatium
1289 908 1490 966 AEnesidemus

397 1013 567 1087 7Dymoeus
589 1021 721 1087 praeerat.
775 1013 824 1071 Ad
850 1014 906 1069 hos
929 1022 1029 1070 orator
1055 1033 1074 1071 a
1102 1014 1239 1089 praefecto
1270 1014 1354 1088 ragio
1382 1014 1490 1083 missus,

428 1118 477 1191 qui
499 1118 639 1174 excedere
660 1119 732 1174 urbe
761 1118 887 1187 iuberet;
915 1137 1010 1193 neque
1037 1120 1112 1177 euim
1143 1138 1230 1194 pares
1258 1138 1309 1176 eos
1342 1118 1490 1195 oppidanis
1528 1095 1530 1118 Ι

427 1223 513 1291 solis,
544 1223 594 1297 qui
615 1224 702 1295 idem,
735 1223 814 1298 quod
837 1225 1017 1281 Macedones
1039 1223 1191 1293 sentirent,
1215 1224 1323 1281 nedum
1354 1224 1489 1282 adiunctis

427 1327 636 1385 Macedonibus
663 1347 744 1398 esse,
786 1346 860 1401 quos
889 1348 926 1384 ue
958 1329 1084 1385 Romani
1112 1328 1226 1402 quidem
1257 1329 1295 1385 ad
1323 1328 1488 1387 Corinthun

305 1432 307 1435 ’
395 1431 644 1503 8sustinuissent,
673 1434 767 1507 primo
796 1433 868 1489 nihil
889 1452 942 1490 nec
974 1434 1076 1490 ducem
1105 1452 1159 1492 nec
1186 1435 1266 1509 ipsos
1297 1435 1405 1505 movit3
1430 1445 1487 1510 post

426 1537 530 1611 paulo,
560 1546 592 1593 ut
614 1540 745 1613 Argivos
769 1523 885 1614 quoque
907 1548 1036 1594 armatos
1060 1557 1097 1595 ex
1118 1550 1202 1615 parte
1232 1540 1325 1597 altere
1348 1540 1488 1616 venientes

426 1660 534 1715 magno
556 1644 672 1717 agmine
693 1646 843 1712 viderunt,
866 1652 976 1699 certam
1000 1644 1155 1716 perniciem
1183 1656 1350 1715 cernentes,
1380 1661 1487 1701 omnem
1524 1685 1530 1726 .=

426 1755 524 1802 tamen
547 1765 657 1816 cesum,
692 1750 717 1806 si
740 1749 918 1824 pertinacior
939 1748 999 1804 dux
1020 1746 1136 1818 fuisset,
1167 1749 1343 1807 videbantur
1364 1748 1485 1806 subituri

394 1851 648 1923 9AEnesidemus,
678 1875 714 1911 ne
735 1856 789 1911 flos
806 1855 994 1912 'Achaeorum
1022 1854 1179 1910 iuventutis
1207 1855 1294 1912 simul
1327 1873 1394 1912 cum
1425 1854 1487 1911 urbe

427 1957 617 2028 amitteretur,
638 1969 741 2033 pactus
763 1979 782 2015 a
803 1957 945 2026 Philocle,
968 1968 999 2013 ut
1021 1958 1101 2014 abire
1122 1959 1178 2015 illis
1202 1960 1320 2030 liceret,
1341 1960 1414 2035 ipse,
1436 1976 1486 2033 quo

426 2061 491 2121 loco
522 2071 643 2120 steterat
672 2073 802 2120 armatus
835 2081 900 2119 cum
933 2062 1034 2137 paucis
1069 2064 1235 2133 clientibus,
1268 2084 1328 2122 non
1363 2062 1485 2121 excessit.
1520 2103 1530 2114 .

378 2171 413 2224 10
427 2168 535 2223 Missus
557 2187 575 2223 a
597 2169 737 2238 Philocle,
760 2169 810 2242 qui
832 2178 983 2241 quaereret,
1004 2168 1074 2242 quid
1095 2170 1150 2226 sibi
1173 2169 1268 2229 vellet.
1313 2168 1397 2227 Nihil
1417 2175 1483 2225 statu

426 2282 516 2342 moto,
538 2292 625 2348 quum
649 2275 779 2349 proiecto
801 2290 914 2348 praese
936 2271 1029 2347 clipeo
1051 2283 1150 2344 staret,
1172 2275 1209 2330 in
1223 2274 1359 2349 praesidio
1380 2272 1485 2330 credite

427 2378 506 2433 urbis
528 2379 699 2435 moriturum
724 2398 755 2435 se
778 2386 921 2435 armatum
944 2378 1103 2452 respondit.
1157 2379 1234 2435 'sum
1264 2379 1345 2435 iussu
1367 2374 1483 2454 preelecti

380 2486 409 2540 ll
428 2501 446 2538 a
468 2485 632 2541 Threcibus
660 2484 871 2542 coniectante
892 2482 1093 2558 interfectique
1115 2492 1229 2554 omnes3
1273 2492 1301 2540 et
1331 2492 1399 2560 post
1425 2499 1483 2558 psc-

427 2598 487 2644 tam
514 2589 588 2645 inter
618 2591 745 2647 Achaeos
768 2609 802 2646 aa
832 2591 982 2646 Romanos
1014 2591 1180 2646 societatem
1214 2591 1278 2646 duas
1311 2589 1486 2647 nobilissima

427 2694 523 2764 urbes,
545 2695 620 2768 Argi
643 2704 672 2750 et
693 2693 860 2764 Corinthus,
884 2695 915 2750 in
937 2705 1081 2769 potestate
1102 2696 1179 2770 regis
1201 2705 1292 2751 erant.

378 2801 413 2856 12
511 2801 583 2856 Haec
616 2819 651 2856 ea
688 2809 787 2856 estate
824 2800 861 2856 ab
884 2801 1025 2858 Romanis
1059 2801 1087 2856 in
1113 2799 1229 2858 Graecia
1256 2809 1337 2856 terra
1364 2799 1489 2872 mar-ique

330 2900 377 2970 26
425 2914 516 2979 gesta.
563 2906 599 2961 In
624 2905 724 2963 Gallia
746 2904 816 2960 nihil
838 2922 909 2960 sane
929 2904 1116 2961 memorabile
1146 2907 1183 2963 ab
1212 2906 1281 2964 Sex.
1314 2904 1397 2961 AElio
1426 2920 1488 2960 cou-

394 3008 489 3066 2sule
517 3018 640 3084 gestum.
695 3009 791 3082 Quum
825 3009 898 3065 duos
928 3008 1072 3066 exercitus
1099 3011 1128 3066 in
1158 3011 1309 3086 provincia
1337 3010 1490 3079 habuisset,

428 3134 516 3171 unum
537 3124 691 3185 retentum,
712 3133 797 3188 quem
816 3115 921 3172 dimitti
943 3092 1108 3190 oportebat,
1129 3115 1175 3172 cui
1198 3117 1233 3174 L.
1250 3114 1404 3172 Cornelius
1424 3131 1493 3188 pro·

428 3220 529 3276 consul
550 3219 706 3294 praefuerat
727 3218 803 3295 (ipse
826 3218 852 3275 ei
876 3215 909 3275 C.
932 3218 1070 3275 Helvium
1093 3230 1245 3294 praetorem
1269 3220 1421 3296 praefecit),
1449 3218 1495 3275 el·

395 3330 531 3396 illerum,
553 3344 637 3400 quem
659 3325 689 3380 in
711 3325 893 3399 provinciam
916 3323 1047 3393 adduxit,
1070 3332 1161 3379 totum
1184 3342 1276 3399 prope
1300 3344 1408 3382 annum
1423 3322 1497 3382 cra-

427 3431 613 3487 monensibns
635 3430 871 3504 Placentinisque
899 3430 1037 3505 cogendis
1057 3429 1159 3485 'redire
1184 3429 1216 3484 in
1245 3429 1392 3500 colonias,
1419 3427 1498 3486 unde

427 3535 495 3592 belli
518 3536 633 3592 casibus
655 3535 788 3610 dissipati
812 3545 903 3606 eraut,
925 3535 1112 3609 consumpsit.

396 3648 412 3700 4
511 3639 764 3711 Quemadmodum
789 3640 891 3700 Gallia
913 3650 1017 3716 praeter
1038 3657 1118 3713 spem
1141 3638 1239 3712 quieta
1266 3658 1301 3695 eo
1332 3658 1409 3696 auno
1429 3637 1494 3702 fuit,

354 3803 357 3807 ,
396 3743 468 3804 sita
491 3745 568 3800 circa
589 3747 690 3802 urbem
713 3748 826 3804 servilis
848 3763 941 3820 prope
967 3744 1105 3800 tumultus
1133 3754 1177 3800 est
1198 3744 1352 3801 excitatus.
1407 3741 1492 3802 Obsi·

427 3851 478 3908 des
502 3849 783 3926 Carthaginiensium
811 3852 898 3912 Setia
920 3850 1169 3917 custodiebantur;
1201 3868 1266 3906 cum
1288 3849 1333 3920 iis,
1361 3859 1393 3906 ut
1413 3849 1491 3924 prin·
1528 3842 1530 3847 ’

396 3956 523 4031 bcipum
556 3956 664 4026 liberis,
696 3977 804 4033 magna
825 3958 870 4014 vis
899 3974 1048 4013 servorum
1071 3965 1142 4011 erat.
1199 3956 1359 4029 Augebant
1393 3967 1485 4011 eorum
1527 3940 1530 3985 l

427 4081 588 4130 numerum,
611 4073 643 4118 ut
665 4063 702 4118 ab
724 4063 833 4120 recenti
855 4061 959 4120 Africo
982 4061 1067 4131 bello,
1090 4070 1118 4117 et
1141 4062 1178 4136 ab
1201 4061 1271 4135 ipsis
1294 4060 1402 4123 Setinis
1423 4074 1486 4132 cap·

395 4167 487 4226 7tiva
505 4166 617 4241 aliquot
632 4167 758 4224 nationis
780 4169 841 4224 eius
863 4176 962 4241 empta
983 4183 1020 4222 ex
1041 4166 1141 4241 proeda
1156 4167 1308 4241 mancipia.
1342 4167 1391 4222 Eu
1404 4176 1481 4239 quum

426 4271 654 4328 coniurationem
675 4271 821 4343 fecissent,
843 4272 940 4328 missis
964 4291 1000 4328 ex
1029 4291 1063 4328 eo
1085 4290 1220 4341 numero,
1243 4271 1368 4345 primum
1394 4267 1480 4346 quiin
