3484 5025
504 497 582 547 umor
598 455 749 549 mvn..
776 497 825 560 (Δ.
845 496 903 545 chr.
926 496 997 559 rso.)
1199 498 1236 553 49

265 682 362 752 ondit,
391 682 590 757 sacrificioque
615 682 755 740 Minerva
776 681 865 751 iacto,
894 682 1054 758 legationes
1079 680 1215 736 finitimas
1242 680 1280 736 ab

264 798 350 845 eunte
375 797 404 845 et
425 789 567 845 Dardano
596 798 624 845 et
647 790 785 859 Rhoeteo,
815 788 961 845 tradentes
987 788 1017 844 in
1040 787 1124 844 fidem
1149 785 1280 842 civitates

264 912 295 964 a,
317 894 439 969 benigne
461 894 580 953 audivit.
624 894 698 951 Inde
719 895 757 951 ad
778 894 961 969 Hellesponti
981 893 1080 951 fauces
1101 891 1221 965 navigat
1243 896 1310 960 et‚8

264 1017 317 1079 tem
348 1000 472 1057 navibus
507 998 537 1055 in
569 1000 693 1056 statione
727 1010 830 1057 contra
856 1000 994 1076 Abydum
1026 999 1147 1067 relictis,
1184 1008 1280 1054 cetera

264 1109 311 1161 ase
341 1105 370 1161 in
395 1080 547 1180 Europam
580 1106 626 1161 ad⁴
647 1105 761 1163 Sestum
794 1105 1017 1180 oppugnandam
1047 1104 1168 1163 traiecit.
1214 1104 1310 1163 Iam9

264 1210 406 1266 »euntibus
426 1211 545 1273 armatis
564 1228 661 1268 muros
679 1208 799 1267 fanatici
814 1210 895 1269 Galli
917 1210 1040 1285 primum
1063 1228 1127 1267 cum
1150 1209 1280 1265 sollemni

264 1314 317 1372 ritu
341 1325 408 1371 ante
429 1325 543 1390 portam
566 1327 732 1386 occurrunt;
758 1317 837 1373 iussu
865 1319 903 1373 se'
922 1316 1022 1372 matris
1048 1316 1133 1373 deum
1155 1315 1281 1372 famulos

264 1421 408 1477 evenire
436 1432 596 1500 memorant
622 1423 660 1478 ad
687 1423 862 1496 precandum
884 1423 1064 1492 Romanum,
1092 1430 1124 1478 ut
1149 1430 1281 1496 parceret

264 1526 358 1584 onibus
381 1526 511 1600 urbique.
557 1528 653 1585 Nemo
675 1546 774 1585 eorum
795 1528 921 1585 violatus
944 1538 994 1588 est.
1036 1528 1110 1584 Mox
1131 1526 1280 1584 universus
1296 1527 1330 1579 l0

264 1640 334 1689 tatus
371 1650 436 1688 cnm
475 1634 689 1708 magistratibus
728 1634 765 1690 ad
798 1634 959 1691 dedendam
995 1634 1095 1690 urbem
1130 1634 1279 1707 processit.

264 1734 443 1813 laAbydum
466 1739 587 1795 traiecta
608 1740 721 1808 elassis;
743 1740 791 1796 nbi
802 1734 914 1814 ''quum2
927 1739 1048 1813 mamilio
1063 1757 1116 1815 per
1137 1738 1281 1812 colloquia
1297 1740 1306 1792 l
1319 1740 1329 1792 l

265 1841 339 1912 bris,
370 1843 441 1919 nilril
461 1846 570 1920 'pacati
601 1846 840 1920 responderetur,
873 1846 918 1903 ad*
940 1845 1185 1921 oppugnationem
1218 1863 1281 1900 sese

264 1947 422 2021 rediebant.

300 2054 380 2111 Dum
409 2056 471 2111 haec
496 2055 526 2110 in
554 2054 745 2130 Hellesponto
770 2067 925 2130 geruntur,
947 2054 1153 2130 Polyxenidas
1183 2055 1279 2129 regius
1336 2045 1374 2115 10

264 2158 370 2216 eiectus
394 2162 469 2232 (erat
485 2164 581 2217 autem
599 2162 680 2217 exsul
695 2162 837 2233 Rhodius)
861 2160 1098 2236 qaumnudiseat
1119 2159 1279 2235 profect-am

272 2264 359 2321 domo
370 2266 553 2340 popularium
565 2284 681 2323 suorum
694 2268 826 2338 classem,
844 2277 874 2323 et
884 2253 1096 2350 Pausistratum
1112 2265 1277 2340 praefectum
1293 2267 1309 2320 2

264 2371 341 2427 rerba
364 2371 498 2445 quaedam
525 2381 553 2428 et
586 2373 773 2447 contemptim
800 2373 830 2429 in
858 2390 889 2428 se
918 2371 1131 2429 contionantem
1163 2372 1279 2439 dixisse,

264 2476 363 2554 utipuo
395 2476 552 2534 certamine
583 2477 672 2534 animi
697 2478 836 2536 adversus
870 2496 935 2534 eum
966 2486 1080 2553 sumpto
1108 2478 1177 2536 nihil
1202 2479 1279 2536 aliud

264 2599 280 2640 ι
299 2593 458 2657 noctesque
478 2584 609 2658 agitabat
630 2585 742 2655 animo,
772 2603 858 2658 quam
881 2592 913 2639 ut
933 2585 1024 2640 verba
1044 2580 1197 2660 magnilica
1218 2587 1280 2644 eius

264 2707 304 2746 ms
325 2688 498 2746 confutaret.
545 2689 635 2746 Mittit
659 2690 696 2746 ad
719 2709 784 2746 eum
806 2689 952 2747 hominem
975 2699 1003 2746 et
1024 2691 1064 2747 illi
1085 2702 1202 2761 notum,
1231 2688 1309 2767 qni3

265 2803 335 2865 eret,
356 2806 386 2850 et
402 2813 434 2850 se
450 2794 633 2851 Pausistrato
655 2794 814 2870 patriaeque
834 2814 894 2852 suae
916 2815 1021 2871 magno
1045 2799 1117 2868 usui,
1139 2799 1164 2855 si
1185 2798 1279 2870 liceat,

265 2918 294 2971 e,
321 2909 350 2958 et
378 2919 396 2956 a
417 2900 602 2957 Pausistrato
631 2919 662 2958 se
687 2902 798 2958 restitui
819 2903 849 2959 in
876 2902 1001 2976 patriam
1029 2922 1124 2978 posse.
1173 2903 1309 2977 Quum,4

264 3023 345 3063 anam
386 3005 473 3062 modo
518 3025 554 3062 ea
586 3008 648 3064 fieri
679 3019 811 3082 possent,
852 3009 1040 3065 mirabundus
1082 3011 1279 3067 Pausistratus

264 3121 451 3181 mutaretur,
478 3111 563 3168 fidem
588 3113 696 3188 petenti
717 3113 796 3170 dedit
817 3113 936 3188 ageudae
957 3115 1146 3172 communiter
1165 3116 1208 3172 rei
1230 3126 1280 3172 aut

264 3217 347 3286 ,nudae
375 3217 504 3289 silentio(
555 3219 632 3275 Tum
658 3219 848 3276 internuntius
879 3220 984 3294 aperit,
1019 3220 1128 3294 regiam
1158 3219 1309 3278 classem5

264 3329 380 3379 ttotatn
408 3333 460 3379 aut
486 3323 624 3380 maiorem
658 3333 770 3400 partem
797 3323 1008 3399 Polyxenidam
1036 3325 1206 3382 traditurum
1240 3326 1279 3395 ei;

264 3427 340 3485 atium
353 3429 426 3484 tanti
437 3429 532 3486 meriti
541 3431 650 3486 nullum
661 3428 739 3486 aliud
750 3428 858 3503 pacisci
870 3447 956 3503 quam
968 3430 1090 3487 reditum
1105 3431 1135 3487 in
1146 3432 1279 3506 patriam.

264 3533 391 3608 ignitudo
405 3535 457 3605 rei,
478 3553 532 3594 nee
546 3545 579 3592 nt
592 3536 720 3592 crederet
741 3553 794 3592 nec
809 3546 841 3591 ut
859 3547 1062 3609 aspernaretur
1076 3537 1161 3605 dicta,
1177 3536 1279 3596 effecit.
1294 3548 1312 3604 6

264 3641 419 3698 mbormum
441 3641 548 3700 Samiae
569 3653 653 3699 terrae
674 3642 759 3716 petit,
788 3640 886 3713 ibique
912 3641 950 3696 ad
977 3641 1185 3716 explorandam
1209 3665 1280 3716 rem,

265 3763 289 3803 a
318 3747 419 3804 oblata
449 3757 524 3818 erat,
556 3748 691 3807 substitit.
753 3748 839 3807 Ultro
871 3746 1000 3819 citroque
1032 3750 1123 3806 nuntii
1155 3761 1310 3823 cursaret

264 3853 364 3912 otides
387 3863 456 3911 ante
477 3853 659 3910 Pausistrato
681 3853 761 3910 facta
782 3862 839 3923 est,
866 3871 952 3926 quam
978 3871 1074 3914 coram
1098 3857 1196 3913 nuntio
1220 3858 1281 3914 eius

264 3954 418 4031 byzenidas
446 3977 501 4016 sua
527 3977 613 4015 manu
640 3959 779 4033 scripsit„
799 3977 831 4015 se
859 3978 909 4028 ea,
943 3976 1006 4031 quae
1031 3960 1176 4034 pollicitus
1198 3974 1282 4031 esset,

264 4067 380 4136 niumm,
416 4065 557 4140 signoque
585 4082 638 4121 suo
668 4064 824 4138 impressas
850 4064 972 4120 tabellas
998 4065 1083 4125 misit.
1138 4067 1183 4124 Eo
1212 4086 1281 4125 vero
1295 4064 1318 4130 8x

264 4180 341 4239 pore
357 4171 437 4230 velut
453 4181 633 4228 auctoratum
654 4170 709 4226 sibi
729 4169 904 4244 proditorem
921 4180 1001 4227 ratus
1018 4182 1073 4240 est;
1094 4190 1188 4246 neque
1208 4173 1282 4229 enim

266 4281 301 4342 m',
310 4278 358 4352 qui
372 4279 427 4336 sub
437 4294 507 4352 rege
518 4276 637 4346 viveret,
649 4276 867 4333 commissurum
883 4275 980 4347 fuisse,
995 4286 1027 4332 ut
1040 4277 1179 4335 adversus
1194 4290 1284 4336 semet

264 4379 313 4426 'illm
328 4403 351 4428 cx
365 4403 404 4428 ree.
421 4389 520 4436 liedvigii.
548 4387 581 4426 vl.
1068 4389 1083 4428 -l
