3484 5025
475 508 512 561 ut
734 500 813 551 siser
831 499 947 552 xxrm.
985 500 1033 562 (n.
1048 500 1194 563 nasse.)

403 686 612 761 limpudentiu
644 690 862 758 Romanorum,
897 687 1014 756 Aehaei3
1056 687 1174 745 fortuna
1212 697 1242 743 et
1278 686 1332 741 dat
1364 683 1490 742 tid-een

433 789 646 866 postulantibus
661 800 691 850 et
711 793 808 852 demit.
855 792 983 867 Philippi
1003 803 1109 867 praeter
1122 792 1250 867 legatum
1265 792 1401 849 viduus
1414 788 1491 857 nihil3

433 897 568 953 Romane
588 895 690 954 classis
711 898 749 954 ad
772 896 936 955 Cenchreas
957 906 1026 965 stat,
1047 898 1162 955 urbium
1181 898 1304 955 Euboe
1322 896 1420 971 spolia
1437 912 1492 971 pn

432 1019 465 1057 se
497 1000 609 1070 ierens3
641 1002 787 1059 consulem
821 1001 1007 1077 legionesque
1037 1001 1114 1073 eius,
1146 1003 1251 1079 exiguo
1284 1001 1377 1061 muris
1404 1000 1490 1076 spolio

403 1106 585 1175 8diinnctus,
614 1106 771 1163 Phocidem
795 1124 830 1163 ao
852 1106 1005 1163 Locridem
1027 1117 1223 1182 pervagantes
1243 1108 1392 1176 videntum
1411 1103 1491 1164 ηἰη-

433 1212 512 1280 mini,
534 1230 586 1268 cur
606 1210 770 1268 diffidenter
790 1210 979 1279 Cleomedon,
1007 1211 1120 1286 legatus
1142 1213 1280 1289 Philippi,
1303 1222 1337 1269 ut
1357 1229 1413 1287 pro
1430 1227 1490 1285 rege

403 1327 516 1383 9armu
536 1334 704 1392 caperemus
726 1318 866 1381 adversus
888 1318 1048 1385 Romanos,
1073 1319 1160 1376 modo
1183 1318 1295 1394 egerit?
1326 1317 1397 1392 Qui,
1416 1318 1441 1375 si
1458 1333 1489 1374 cx

434 1420 704 1479 eodemloederoao
719 1421 928 1491 iureiurando,
951 1421 1032 1479 cuius
1051 1423 1136 1480 nobis
1157 1424 1326 1500 religimrern
1343 1422 1488 1490 iniiciebet,

433 1544 568 1601 rogemus
580 1544 656 1595 eum,
679 1535 710 1583 ut
731 1526 950 1601 uosPhilippus
972 1536 1001 1583 at
1022 1528 1061 1584 ab
1082 1528 1199 1585 Nabide
1218 1547 1254 1585 eo
1270 1526 1488 1586 Laeedmh

434 1643 462 1689 et
484 1632 522 1689 ab
544 1632 685 1688 Romanis
707 1631 852 1699 defendat,
885 1650 943 1688 nou
974 1632 1061 1690 modo
1093 1634 1274 1709 prmsidium,
1304 1652 1365 1709 quo
1385 1642 1488 1691 tueatur

385 1753 421 1809 10
434 1754 497 1806 nos,
518 1736 570 1793 sed
590 1754 627 1792 ne
649 1737 718 1811 quid
733 1737 910 1811 respondeat
926 1736 1041 1810 quidem
1061 1737 1161 1807 nobie,
1182 1740 1220 1796 sit
1239 1740 1421 1810 inventurus,
1439 1756 1488 1797 uus

434 1841 550 1899 hercule
565 1841 668 1917 magis,
690 1860 778 1915 quarn
792 1841 855 1915 ipse
866 1842 1020 1917 Philippus
1042 1843 1139 1918 priore
1160 1862 1247 1915 anno,
1269 1845 1320 1919 qui
1337 1844 1487 1920 pollicendo

434 1966 465 2004 se
487 1948 627 2005 adversus
647 1946 793 2004 Nabidem
817 1945 923 2003 bellum
936 1955 1084 2020 gesturum
1104 1965 1192 2021 quum
1208 1959 1350 2007 tentasset
1370 1959 1487 2007 nostru

385 2066 418 2121 11
434 2053 611 2109 iuventutem
636 2053 703 2109 hinc
723 2052 754 2108 in
782 2052 924 2110 Euhoeam
948 2051 1115 2120 extrahere,
1145 2064 1299 2128 postquem
1325 2071 1382 2110 uos
1404 2067 1488 2127 nequt
1513 2063 1530 2152 l

434 2159 591 2216 decernere
610 2158 641 2215 id
662 2156 717 2214 sibi
739 2155 904 2231 praesidium
926 2173 1022 2229 neque
1041 2155 1116 2212 velle
1137 2157 1245 2233 illigari
1265 2160 1402 2217 Romano
1423 2156 1487 2215 bulis
1527 2215 1530 2242 ἶ

423 2241 521 2333 ¹vidit,
552 2264 660 2321 oblitus
693 2261 841 2318 societatis
875 2261 951 2328 eius,
984 2278 1071 2333 quam
1101 2280 1177 2320 nuno
1204 2264 1309 2335 iactat,
1341 2262 1487 2322 immolo
1528 2331 1530 2336 ¹

385 2368 675 2445 12populand0sqne
706 2367 817 2424 Nabidi
850 2384 886 2422 ac
908 2364 1137 2424 Laeedoemoniis
1166 2369 1292 2443 reliquit.
1348 2372 1398 2427 Ao
1428 2367 1487 2426 mh‘

434 2475 550 2550 quidem
574 2473 690 2531 minime
712 2473 886 2531 conveniens
914 2472 989 2529 inter
1016 2489 1048 2529 se
1069 2474 1163 2531 oratio
1189 2472 1406 2534 Cleomedontis
1433 2474 1486 2533 titt

433 2590 486 2638 eat.
543 2579 689 2636 Elevabat
716 2581 880 2637 Romanum
911 2577 1032 2646 bellum,
1066 2589 1259 2654 eventumque
1286 2580 1350 2637 eins
1377 2581 1486 2638 etrndetu

434 2686 506 2756 fore,
529 2685 580 2759 qni
601 2686 706 2759 prioris
730 2685 807 2755 belli,
837 2685 916 2760 quod
939 2702 1004 2741 cnm
1027 2683 1164 2759 Philippo
1186 2687 1344 2759 gesserint,
1374 2686 1486 2744 <tiabat

386 2791 495 2857 tacut
525 2791 614 2866 igitur
640 2799 769 2847 nostrum
802 2789 851 2846 ille
875 2788 1015 2845 auxilium
1044 2790 1150 2848 absens
1172 2792 1261 2866 petit,
1293 2792 1486 2867 potiusquam

433 2915 559 2973 praesens
569 2913 633 2965 nos,
649 2896 745 2953 socios
756 2904 878 2962 veteres,
889 2894 974 2950 simul
986 2895 1025 2951 ab
1037 2895 1153 2953 Nabide
1164 2915 1199 2953 ae
1209 2897 1353 2956 Romanis
1365 2895 1487 2956 tueatur?

432 3004 498 3060 Nos
520 3001 608 3058 dieo?
641 3002 718 3074 Quid
739 3001 781 3057 ita
802 3015 906 3075 pessus
934 3006 978 3056 est
1005 2999 1150 3058 Eretriam
1175 3001 1393 3079 Carystumque
1413 3001 1487 3081 cupii

434 3107 503 3182 quid
515 3108 556 3164 ita
572 3115 615 3163 tot
626 3106 787 3163 Thessalia
807 3102 915 3161 nrbes?
937 3102 1006 3177 qnid
1028 3104 1069 3162 ite
1091 3107 1243 3165 Locridem
1258 3105 1488 3186 Phocidemqnei

386 3221 420 3276 14
434 3212 503 3288 quid
515 3213 556 3270 ita
572 3229 649 3268 nunc
663 3210 797 3267 Elatecm
814 3210 978 3284 oppugnari
1000 3210 1131 3284 patitur?
1154 3210 1215 3269 Cur
1229 3215 1355 3272 excessit
1366 3213 1491 3279 faucibu

432 3319 515 3395 Epiri
534 3317 726 3391 claustrisque
743 3316 799 3372 illis
815 3315 1088 3388 inexpugnabilibus
1106 3321 1302 3391 supeerum
1323 3338 1436 3378 amnem
1450 3337 1494 3377 re·

432 3426 568 3498 lictoqne,
586 3442 672 3497 quem
690 3421 844 3490 insidebat,
864 3418 939 3476 saltu
957 3420 1072 3494 penitus
1088 3421 1117 3477 in
1137 3440 1257 3496 reguum
1277 3425 1369 3483 abiit?
1397 3422 1495 3486 Astii

383 3540 419 3595 15
433 3539 484 3587 aut
495 3538 573 3586 metu
590 3536 640 3584 aut
656 3526 816 3583 vuluntate.
845 3524 876 3583 si
888 3542 943 3581 sna
953 3525 1103 3583 voluntate
1121 3536 1165 3584 tot
1175 3529 1270 3585 socios
1281 3531 1400 3606 reliquit
1409 3530 1496 3590 hosti·

432 3636 487 3692 bns
498 3633 687 3708 diripiendos,
705 3631 753 3706 qui
768 3648 904 3687 recusare
920 3641 1025 3705 potest,
1043 3631 1113 3705 quiu
1132 3645 1161 3689 et
1171 3634 1242 3691 socii
1261 3632 1496 3695 sibiconsulsnt?

383 3751 418 3807 16
431 3742 455 3797 si
467 3750 556 3807 metu,
576 3736 660 3794 nobis
679 3734 939 3810 quoqueignoscat
950 3735 1130 3806 timentibns3
1150 3739 1175 3795 si
1186 3739 1280 3798 victus
1299 3744 1390 3801 armis
1406 3743 1498 3809 ceant,

432 3842 534 3902 Achaei
542 3840 986 3912 Romanaurmasustinebimus,
996 3840 1184 3912 Cleomedon,
1192 3849 1500 3917 quaevosMaeedunu

430 3969 488 4008 non
499 3945 696 4006 sustinuistis?
720 3949 771 4003 An
783 3945 835 4002 tibi
847 3944 964 4022 [potius]
977 3948 1138 4016 credemus,
1149 3951 1300 4008 Romanos
1312 3971 1371 4010 non
1383 3954 1499 4012 maiori·

431 4060 485 4115 hus
504 4054 596 4130 copiis
615 4069 668 4110 nec
685 4052 795 4108 viribus
806 4069 883 4108 nunc
895 4052 1000 4109 bellum
1013 4071 1129 4126 gerere,
1150 4072 1238 4127 quam
1251 4065 1338 4114 autea
1349 4061 1502 4134 gesserint,

380 4171 416 4224 17
430 4163 527 4237 potius
543 4178 630 4235 quam
645 4175 692 4213 res
706 4156 785 4230 ipsas
795 4156 979 4215 iutueamur?
1002 4158 1123 4215 AEtolos
1134 4168 1193 4215 tum
1207 4161 1300 4219 classe
1314 4165 1503 4228 adiuvemus

430 4284 484 4324 uec
511 4267 585 4322 duce
612 4261 758 4321 consulari
788 4279 840 4318 neo
867 4261 996 4319 exercitu
1026 4261 1132 4320 bellum
1160 4278 1327 4338 gesserunt3
1355 4272 1504 4330 sociorum
