3484 5025
537 536 761 611 urserxxxvn.
791 533 910 600 (scm.
924 536 996 599 no.)
1215 545 1250 599 st

252 721 365 778 urbatus
386 740 553 798 parumper,
573 723 676 781 deinde
697 734 779 780 vetus
802 725 883 781 miles
906 725 1036 782 celeriter
1050 724 1170 782 collecto
1187 726 1296 795 enimc,

252 844 312 883 ure
338 829 440 885 melius
468 830 560 886 arceri
589 849 675 905 quam
706 829 780 887 mari
811 832 908 887 hostes
931 849 1017 905 posse
1038 839 1132 898 ratus,
1167 836 1328 890 armatosts

252 934 346 989 uobus
370 934 534 1008 agminibus
556 937 594 993 ad
615 936 831 1015 promuntorio,
859 940 923 1016 quae
954 937 1087 993 cornibus
1115 935 1234 995 obiectis
1258 938 1295 993 ab

252 1036 294 1095 lto
315 1050 431 1113 portum
453 1040 573 1113 faciunt,
596 1043 683 1115 ducit,
705 1043 771 1099 inde
793 1040 878 1099 facile
900 1041 962 1099 telis
985 1039 1156 1117 ancipitibus
1182 1043 1295 1099 hostem
1341 1086 1343 1089 .

252 1155 438 1203 ummoturus.
486 1147 522 1204 Id
543 1148 687 1223 inceptum
710 1151 771 1206 eius
795 1148 944 1206 Nicander
965 1166 984 1204 e
1006 1159 1084 1205 terre
1106 1147 1184 1203 visus
1207 1166 1294 1221 quum

253 1251 393 1321 obesset,
421 1261 540 1327 repente
570 1263 680 1310 mutato
712 1254 831 1311 consilio
859 1271 950 1309 neves
977 1255 1167 1311 conscendere
1197 1273 1296 1311 omnes

252 1356 321 1414 ibet.
339 1396 349 1414 t
369 1359 446 1414 Tum
475 1378 545 1415 vero
574 1360 675 1434 ingens
697 1361 806 1435 pariter
831 1345 955 1415 ¹militum
978 1367 1189 1433 nautarumque
1210 1362 1328 1436 trem-9

253 1464 315 1521 atio
337 1473 412 1535 orta,
434 1474 463 1521 et
484 1465 564 1521 velut
584 1465 654 1540 fuga
675 1466 704 1522 in
726 1484 816 1523 naves
831 1465 902 1535 fieri,
926 1484 1012 1539 quum
1029 1483 1060 1521 se
1076 1466 1148 1522 mari
1163 1475 1299 1540 terraque

252 1566 320 1627 imni
341 1580 493 1627 cernerent
514 1572 732 1629 circumventos.
784 1572 983 1629 Pausistratus
998 1591 1083 1628 uuam
1099 1572 1177 1628 viam
1193 1573 1295 1631 salutis
1314 1577 1350 1629 10

252 1688 297 1733 ne
318 1686 411 1745 ratus,
432 1676 459 1733 si
478 1677 536 1759 vim
559 1677 656 1734 facere
677 1697 729 1753 per
742 1676 841 1734 fauces
856 1687 957 1753 portus
979 1686 1065 1751 etque
1087 1695 1238 1751 erumpere
1261 1677 1292 1734 in

252 1763 315 1838 iare
337 1790 470 1855 apertum
494 1766 601 1858 posset
624 1793 778 1858 postquam
798 1783 999 1840 conscendisse
1017 1764 1085 1839 suos
1106 1782 1187 1860 uidit,
1209 1783 1292 1857 sequi

252 1887 337 1944 eteris
358 1888 460 1959 iussis,
488 1888 622 1963 princeps
645 1888 708 1963 ipse
736 1890 882 1946 concitatu
911 1906 985 1944 nave
1013 1886 1100 1944 remis
1129 1887 1166 1943 ad
1189 1887 1293 1944 ostium

252 2004 335 2050 ortus
356 1993 457 2052 tendit.
504 1994 694 2070 Superantem
715 1995 772 2052 iam
787 1994 887 2051 fauces
903 2012 1005 2054 navem
1023 1992 1083 2050 eius
1098 1992 1295 2068 Polyxenidas
1315 1994 1347 2047 11

252 2097 326 2156 suus
351 2100 606 2174 quinqueremibus
627 2100 820 2160 circumsistit.
867 2100 962 2157 Navis
983 2099 1083 2156 rostris
1105 2099 1164 2156 icta
1180 2069 1295 2174 suppri-

252 2203 336 2274 ritur;
358 2205 424 2262 telis
445 2206 605 2263 obruuntur
622 2215 861 2283 propugnatores,
883 2207 957 2262 iuter
968 2222 1041 2279 quos
1057 2214 1084 2261 et
1096 2204 1294 2261 Pausistratus

252 2299 358 2387 upigre
380 2330 512 2386 pugnans
532 2313 708 2370 interficitur.
757 2312 885 2370 Navium
900 2311 1076 2385 reliquarum
1092 2319 1159 2366 ante
1180 2321 1295 2384 portum
1314 2309 1349 2364 12

252 2411 308 2487 iias,
332 2417 397 2474 aliae
418 2417 447 2474 in
469 2426 554 2492 portu
576 2419 736 2495 deprensae3
760 2418 890 2492 quaedam
908 2436 927 2474 a
942 2416 1101 2487 Nicandro,
1123 2416 1190 2473 dum
1213 2415 1296 2472 moli-
1343 2488 1346 2493 ,

252 2532 324 2580 ntur
349 2543 369 2580 a
390 2534 492 2593 terre,
522 2534 623 2602 captae.
673 2525 807 2599 Quinque
836 2533 948 2582 tantum
969 2524 1090 2583 Rhodiae
1119 2540 1209 2579 naves
1231 2541 1296 2580 cum
1313 2523 1349 2578 13

252 2621 349 2688 bubus
364 2627 435 2688 Cois
453 2626 623 2704 effugerunt,
645 2638 755 2687 terrore
775 2631 900 2687 flummae
922 2629 1052 2688 micantis
1076 2629 1125 2686 via
1147 2628 1202 2686 sibi
1223 2630 1298 2685 inter

252 2734 384 2794 osiel-‘tus
398 2753 490 2792 naves
502 2734 596 2804 iacta3
618 2735 709 2792 contis
727 2736 801 2792 enim
821 2737 897 2793 binis
920 2756 938 2793 a
959 2753 1047 2811 prora
1067 2735 1296 2810 prominentibus

252 2838 330 2898 mltis
361 2841 464 2898 ferreis
496 2843 616 2899 multum
649 2851 818 2917 conceptum
850 2843 946 2918 ignem
979 2860 1039 2917 prae
1069 2859 1101 2898 se
1129 2842 1298 2927 portabant.

252 2942 398 3024 lrythraeae
421 2947 552 3005 triremes
571 2967 659 3023 quum
679 2948 759 3004 haud
779 2948 882 3022 procul
904 2950 941 3006 ab
965 2948 1054 3008 Samo
1074 2946 1195 3006 Rhodiis
1216 2946 1299 3004 nevi·
1315 2950 1351 3004 14

253 3050 309 3123 bs,
341 3054 447 3128 quibus
469 3063 500 3111 ut
525 3048 623 3112 ¹essent
642 3054 776 3129 prasidio
806 3054 974 3125 veniebant,
1002 3055 1096 3111 obvie
1124 3052 1300 3127 fugientibus

252 3148 378 3230 dissent,
410 3160 440 3216 in
472 3160 692 3237 Hellespontum
722 3160 759 3217 ad
793 3161 943 3218 Romanos
976 3178 1090 3217 cursum
1125 3167 1300 3216 averterunt.

252 3244 301 3322 bib
323 3266 399 3322 idem
422 3273 536 3340 tempus
553 3252 695 3323 'Seleucus
715 3267 860 3340 proditam
874 3266 1040 3335 Phocaeam‚
1062 3273 1148 3340 porta
1169 3283 1227 3321 una
1248 3284 1301 3339 per
1319 3269 1355 3323 15

252 3356 376 3430 bstodes
399 3378 511 3446 aperta,
534 3371 651 3445 recepit,
676 3379 705 3428 et
726 3369 818 3447 Cyme
839 3369 960 3445 aliaque
985 3369 1112 3427 eiusdem
1135 3389 1193 3428 orae
1214 3372 1301 3428 urbes

252 3453 280 3536 fl
300 3498 366 3536 eum
390 3485 468 3534 metu
490 3475 665 3538 defecerunt.
1274 3514 1275 3517 η

253 3560 264 3601 t
324 3585 405 3641 Dum
428 3584 489 3640 haec
510 3583 540 3639 in
554 3582 673 3640 AEolide
697 3591 843 3658 geruntur,
866 3584 990 3659 Abydus
1009 3599 1096 3657 quum
1118 3600 1171 3655 per
1192 3579 1304 3654 aliquot
1360 3570 1399 3640 12

252 3664 304 3747 ,ω
326 3689 506 3747 obsidionem
529 3688 681 3745 tolerasset
701 3688 834 3764 praesidio
855 3689 937 3764 regio
954 3697 1067 3745 tutante
1089 3687 1209 3759 moenia,
1243 3687 1302 3742 ium
1474 3695 1475 3698 ’

252 3750 377 3852 darnibus
399 3793 500 3865 fessis,
529 3794 647 3851 Philota
669 3813 786 3869 quoque
808 3793 944 3870 praefecto
962 3770 1090 3868 vpraesidii
1112 3791 1336 3866 permittente‚2
1394 3814 1397 3821 ¹

252 3874 432 3977 bsgtstratus
452 3918 556 3956 eorum
579 3918 643 3955 cum
666 3899 750 3957 Livio
773 3901 809 3957 de
831 3900 1046 3958 condicionibus
1063 3897 1211 3954 tradendo
1225 3897 1305 3954 urbis

285 4007 381 4063 ebant.
429 4007 502 4063 Rem
527 4005 696 4076 distinebat‚
730 4007 823 4080 quod,
854 4017 949 4063 utrum
983 4003 1087 4061 armati
1117 4022 1153 4059 an
1182 4003 1306 4060 inermes

292 4108 682 4186 'tterentur'regii,1parum
705 4111 903 4169 conveniebat.
952 4111 1024 4168 Hoec
1045 4109 1196 4184 agentibus
1218 4109 1337 4183 quum3

302 4219 448 4275 rrenisset
469 4216 586 4272 nuntius
598 4217 778 4274 Rhodiorum
801 4217 900 4286 cladis,
922 4217 1028 4273 emissa
1049 4216 1085 4272 de
1106 4215 1238 4271 manibus
1259 4233 1306 4271 res

292 4369 297 4382 .
355 4325 494 4382 Metuens
527 4321 601 4377 enim
634 4322 751 4394 Livius,
787 4343 824 4381 ne
857 4341 991 4381 successu
1023 4330 1111 4379 tantae
1142 4322 1184 4378 rei
1216 4320 1342 4378 elatusd

1082 4419 1113 4476 't‘
1261 4420 1263 4424 ’
