3484 5025
870 486 930 527 avt

368 665 554 741 BEgeleon)
591 670 625 724 15
658 666 784 723 Romani
817 664 897 741 [quae
926 683 1015 739 saper
1044 674 1159 739 portam
1190 663 1248 741 est]
1281 665 1310 721 in
1341 683 1462 721 arcem-

366 749 508 821 (Btittaer)
530 749 669 817 XLVII,
693 751 710 805 6
733 748 894 816 imminens,
917 766 1001 820 quem
1024 747 1163 806 absente.
1178 756 1294 807 ..ratus
1312 749 1437 804 Romam

372 849 495 889 ...cum
529 830 655 887 venisset
686 833 750 902 (Ma.
780 834 839 887 Em.
869 830 940 901 373)
976 834 991 884 7
1020 829 1092 904 petit
1121 830 1201 902 (tm.)
1232 829 1386 897 XLVIII,
1419 834 1436 885 4

365 913 531 981 exmahere3
563 922 592 969 et
622 912 700 986 quod
730 914 830 986 (Hertz
854 931 870 966 ε
891 915 927 968 B:
957 912 1123 967 extraheret
1145 912 1234 985 quod)
1264 914 1281 968 8
1305 912 1440 985 praetoris

365 994 478 1051 absenti
498 995 549 1051 ssd
571 996 635 1067 (My.
654 998 713 1051 Em.
726 994 785 1050 374
807 997 870 1065 fere
892 1012 907 1049 ε
927 995 1028 1064 cudd.‚·
1052 994 1165 1050 absenti
1186 998 1216 1049 ia
1238 998 1340 1051 ceteris
1354 995 1438 1050 cotia

365 1078 454 1145 abest,
471 1081 501 1134 ia
516 1080 694 1134 Biadactam
705 1077 770 1149 ast.)
789 1074 793 1153 Ι
813 1077 940 1148 (senatus
957 1077 1089 1133 consulto
1104 1078 1218 1147 Dalm,-
1240 1077 1333 1147 codd,
1346 1078 1436 1134 Dralr.

365 1158 658 1231 senatusconsultum)
674 1160 790 1228 XLIX,
807 1161 951 1234 2praetor,
968 1157 1014 1233 [et]
1030 1159 1059 1214 in
1074 1159 1109 1230 (B
1120 1159 1184 1231 aiii)
1204 1160 1209 1231 Ι
1227 1170 1340 1216 cantum
1357 1160 1438 1216 milia

365 1242 523 1316 quingenta
540 1242 639 1317 pondo
659 1242 761 1314 (codd,
781 1244 803 1298 B
821 1244 934 1315 quidem
952 1252 1076 1298 tamtam:
1103 1241 1204 1315 viginti
1226 1240 1306 1298 milia
1328 1254 1380 1301 00
1402 1246 1439 1311 D,

365 1326 518 1380 abemauts
539 1327 624 1382 acala
647 1325 685 1379 ad
707 1327 829 1381 alteram
851 1324 940 1382 milia.
988 1327 1047 1380 Em.
1068 1323 1151 1396 375.)
1178 1326 1195 1379 9
1219 1333 1304 1393 esset,
1328 1332 1437 1380 etnam

364 1425 474 1477 eorum,
497 1406 546 1480 qai
568 1407 773 1480 (Staraabarq,
795 1410 853 1464 Em.
877 1406 946 1461 376.
999 1407 1087 1464 cota.
1113 1417 1188 1463 esset
1209 1416 1237 1463 et
1259 1405 1371 1477 eorum)
1401 1412 1436 1463 to

364 1499 396 1545 ut
429 1488 580 1545 veritatem
613 1508 709 1546 rerum
742 1499 890 1563 gestarum
927 1490 991 1560 (My.
1024 1491 1082 1545 Em.
1117 1489 1185 1546 377.
1224 1492 1247 1545 B
1277 1498 1309 1544 ut
1338 1507 1436 1545 rerum

363 1580 573 1645 gestarum...
590 1590 620 1645 p.
644 1574 680 1629 R.
710 1571 836 1639 videret,
869 1588 961 1628 rucco
992 1575 1086 1643 spatio
1118 1576 1193 1627 inter
1224 1580 1254 1627 ut
1282 1581 1310 1627 ει
1338 1590 1436 1627 rerum

364 1656 484 1723 relictu,·
516 1663 581 1712 cett.
613 1655 695 1709 codd.
727 1664 776 1711 cat
806 1664 838 1710 ut
860 1653 950 1710 virtus
972 1672 1068 1709 rerum
1091 1663 1238 1727 gestarum
1256 1653 1439 1727 publice

363 1736 510 1792 videretur
531 1746 582 1791 aut
604 1744 636 1792 at
656 1736 963 1811 virtutes...publice
984 1735 1107 1807 videret)
1138 1736 1180 1805 L,
1208 1738 1225 1793 8
1258 1737 1342 1809 (Nam
1364 1737 1436 1792 atii

363 1818 401 1873 ad
431 1817 550 1892 pleb.t)
586 1823 628 1875 to·
650 1829 693 1874 est
722 1818 832 1875 factum
858 1819 1173 1893 rogantibus...post
1204 1836 1306 1875 anuos.
1335 1819 1437 1892 plebes

364 1898 418 1957 On.
441 1898 577 1957 Cornelio
602 1902 716 1973 (interp.
737 1911 858 1960 mutata.
901 1904 960 1957 Em.
983 1900 1062 1972 377.)

448 1982 505 2043 lib.
530 1982 626 2046 mit
674 1982 746 2058 Cap.
777 1985 808 2053 I,
841 1985 858 2041 2
891 1983 928 2055 Q.
950 1982 1040 2039 Villio
1070 2000 1168 2039 errore
1198 1987 1214 2039 6
1244 1993 1435 2057 prorogatum

363 2065 514 2138 imperium
550 2065 669 2136 (Groa.,·
702 2069 762 2122 Em.
796 2066 855 2121 380
887 2085 915 2125 a.
946 2067 1033 2121 Codd.
1067 2073 1225 2139 prorogato
1254 2064 1390 2139 imperio)
1428 2062 1431 2142 l

362 2144 408 2218 (C.
428 2146 530 2220 Sergio
555 2148 682 2216 cetter‚·
704 2150 727 2204 B
748 2149 782 2205 L.
805 2147 924 2223 Sergi03
948 2149 1035 2206 arat.
1061 2146 1113 2208 Cu.
1132 2146 1246 2221 Sergio)
1283 2152 1318 2203 tt
1340 2149 1435 2205 edicta

363 2230 449 2300 (We
472 2232 509 2286 B:
540 2229 629 2302 dicta)
651 2231 700 2300 II,
730 2234 745 2287 t
770 2230 868 2287 datum
893 2235 995 2287 amissa
1018 2239 1082 2286 erat
1103 2230 1197 2302 (codd.
1220 2229 1305 2301 racc.)
1326 2230 1387 2300 IV,
1417 2234 1432 2286 3

363 2323 447 2381 suut,
484 2312 514 2367 in
545 2312 616 2386 ipsis
647 2312 780 2370 faucibus
820 2313 1017 2384 imminentes,
1060 2330 1146 2386 quam
1187 2311 1286 2369 Coelen
1328 2324 1434 2369 vocant

363 2394 567 2463 Thessaliam
612 2414 677 2469 qaue
716 2397 875 2453 transeunti
916 2397 980 2468 (Mp.
1017 2400 1038 2452 B
1072 2413 1159 2467 quam
1201 2393 1292 2452 coelen
1328 2404 1434 2452 vocant

362 2477 580 2551 Thessaliaque
605 2479 774 2538 transeunti.
822 2480 915 2537 Aliter
943 2480 1035 2535 locam
1063 2480 1208 2549 corripere
1238 2482 1347 2535 tentavi
1374 2481 1432 2536 Em.

361 2560 431 2620 378.
480 2559 561 2616 Coele
577 2561 732 2617 Thessalia
753 2571 794 2617 εει
817 2565 881 2632 ipsa
901 2564 994 2618 media
1012 2563 1156 2617 Thessalia
1172 2563 1314 2617 montilum
1331 2565 1435 2629 macta,

361 2660 420 2698 aaa
441 2644 550 2712 scacos,
571 2661 625 2714 per
645 2663 717 2716 qaas
738 2663 757 2700 a
773 2646 852 2718 Pylis
867 2647 988 2700 Iamiam
1004 2644 1083 2716 itur.)
1106 2643 1144 2712 V,
1172 2649 1180 2699 1
1208 2643 1434 2717 (quanticunque

364 2728 472 2794 Groa.,·
496 2727 591 2796 coda,
610 2726 701 2786 Dralt.
716 2727 950 2800 quantacunque)
970 2724 975 2802 Ι
996 2725 1207 2801 5Triphylian,
1218 2724 1435 2801 Megalopolitis

361 2806 524 2881 Alipheran
538 2809 632 2879 (codd.
645 2812 732 2866 Nemo
740 2827 794 2882 pru
802 2809 1019 2884 Megalopolitis
1027 2810 1175 2866 scribendo
1187 2809 1267 2866 Eleis
1279 2809 1433 2865 substituit.

361 2892 418 2947 Act
441 2893 534 2946 Livias
563 2893 719 2948 dormitans
752 2893 859 2949 oblitas
888 2904 929 2949 εει
952 2895 1036 2949 Eleos
1065 2897 1095 2948 ia
1124 2896 1278 2948 contrariis
1301 2895 1434 2948 Romanis

359 2973 490 3043 partibas
516 2975 605 3043 [aisse
627 2984 656 3029 ει
682 2992 745 3045 eos,
773 2977 856 3047 quasi
883 2977 1022 3032 dissoluta
1046 2977 1154 3045 Mepale
1178 2976 1254 3042 Pati,
1283 2975 1433 3046 Alipherus

361 3059 497 3125 repetisse
519 3060 612 3112 animo
635 3060 719 3129 {lauit
741 3067 791 3114 aut
813 3059 851 3113 aa
873 3060 947 3114 hauc
966 3059 1030 3127 sere
1050 3058 1172 3126 sormam
1193 3060 1323 3127 scripsit:
1353 3057 1432 3113 Eleis

360 3138 544 3212 ademptam,
566 3139 783 3214 Megalopolitis
805 3139 980 3214 Alipheran)
1011 3145 1027 3196 6
1050 3140 1200 3195 firmabat:
1235 3139 1430 3195 Macedonum

362 3219 476 3276 animos
506 3239 570 3278 cam
599 3222 776 3279 Heracliden
805 3223 930 3280 amicum
959 3225 976 3258 ⁴*
992 3224 1009 3257 ⁴*
1038 3222 1164 3278 maxime
1192 3222 1256 3293 (Mp.
1279 3225 1338 3278 Em.
1362 3221 1432 3292 379,

361 3304 461 3359 addita
493 3303 531 3360 ad
559 3308 708 3376 scriptura
736 3308 841 3362 codicis
863 3305 906 3377 E.)
936 3305 1015 3373 VII,
1049 3306 1065 3360 3
1096 3304 1227 3379 portoria
1257 3305 1430 3360 venalicium

358 3392 419 3442 siae
448 3390 529 3442 arms
557 3388 623 3459 (tta.
655 3390 748 3444 Plura
775 3393 805 3443 ia
834 3389 861 3443 t.
887 3391 904 3456 t,
936 3388 1139 3444 dubitationem
1168 3387 1279 3445 tabeat.
1333 3391 1431 3461 Neque

359 3470 419 3525 lac
448 3473 609 3525 coniunctio
631 3471 776 3544 portoria.
789 3515 797 3530 .
810 3511 833 3540 .,
864 3471 933 3526 item
964 3470 1123 3545 portorium
1157 3471 1307 3526 admodum
1334 3473 1430 3541 placet

359 3561 386 3604 et
419 3554 507 3608 malta
539 3555 631 3609 asinas
661 3553 822 3626 portorium
855 3552 1046 3623 venalicium,
1082 3556 1207 3624 partitiva
1239 3570 1326 3622 casa;
1364 3571 1430 3609 nam

359 3650 450 3704 aeque
465 3633 624 3691 venalicias
635 3653 690 3707 pro
704 3635 799 3692 venali
815 3645 893 3691 recte
912 3637 1018 3692 dicitur
1031 3654 1123 3708 aeque
1137 3639 1243 3692 usitate
1254 3634 1427 3692 venalicium

356 3734 411 3786 pro
434 3717 639 3776 venaliciomm
665 3728 693 3774 ει
719 3718 878 3789 superfluas
902 3721 990 3790 pluas
1016 3720 1129 3776 aidetar
1149 3722 1291 3790 positivus
1298 3738 1308 3787 ,·
1338 3737 1431 3790 aeque

360 3807 458 3856 castra
487 3802 541 3856 illa
567 3805 609 3857 sic
638 3801 714 3856 uada
734 3805 828 3872 posita
850 3801 1020 3860 Hannibalis
1042 3805 1071 3857 ia
1095 3804 1227 3869 Bruttiis,
1256 3801 1335 3873 qaod
1361 3803 1429 3856 olim

357 3885 417 3952 ipse
450 3890 565 3953 putari,
603 3885 725 3953 tatettmt
759 3885 819 3939 alta
843 3886 927 3941 mado
957 3895 1075 3956 pussant
1102 3902 1193 3956 aeque
1220 3895 1346 3940 castrum
1373 3903 1427 3955 pra

358 3975 517 4021 castrorum
547 3969 692 4022 Iiciuaam
720 3977 770 4024 eat.
826 3965 978 4033 Castrum,
1017 3977 1048 4023 at
1084 3971 1141 4023 ium
1176 3967 1428 4023 Drakenborclrias

357 4049 513 4119 iudicavit,
554 4051 632 4105 toas
670 4059 712 4105 εει
752 4050 855 4121 Capria
892 4051 1072 4122 Puteolisqae
1107 4053 1291 4122 propinquas.
1350 4052 1428 4124 Quia

358 4133 476 4203 deaiqrm
500 4132 616 4202 Capua,
641 4134 704 4187 loco
726 4133 950 4201 mediterraneo,
980 4131 1215 4205 comparturiat
1265 4133 1369 4202 Apitur
1392 4133 1427 4187 de

355 4213 515 4281 venalicio,
551 4232 644 4270 reram
681 4218 821 4272 uenalium
854 4217 1002 4286 vectigali,
1043 4233 1116 4271 aoso
1148 4233 1233 4271 onere
1264 4215 1368 4286 Capua
1398 4225 1426 4269 et

356 4298 481 4352 Patauii:-
516 4298 655 4368 imposita.
711 4297 845 4355 Castrum
881 4298 1058 4372 portorium,
1095 4301 1282 4370 appositionis
1318 4299 1426 4367 forma,
