3484 5025
474 510 509 564 10
731 504 810 555 Liber
826 503 929 558 xxx1.
965 505 1011 560 (Δ.
1024 518 1049 557 ιι.
1062 519 1087 559 c.
1101 504 1176 567 ⁵54.)

427 688 649 763 augendumque
669 705 789 762 regnum
812 704 887 760 opus
911 704 974 743 esse
992 686 1162 756 indicasset,
1192 686 1277 744 enixe
1299 685 1329 744 id
1350 686 1489 763 populum

425 795 591 850 Romanum
613 793 716 850 merito
740 792 801 848 eius
822 798 1035 867 praestaturum.
1127 796 1132 808 '

378 900 413 955 13
509 897 657 955 Vermina
675 915 791 971 quoque
808 896 951 972 Syphacis
969 895 1019 952 filil
1037 896 1126 970 legati
1141 913 1194 971 per
1211 913 1262 952 eos
1280 896 1341 952 dies
1358 903 1489 953 senatum

427 1002 568 1071 adierunt,
591 1011 762 1059 excusantes
778 1019 911 1059 errorem
933 1000 1215 1074 adolescentiamque
1238 1007 1267 1057 et
1287 1000 1403 1075 eulpam
1428 1019 1490 1057 om·

376 1110 492 1165 linem
521 1109 551 1163 in
574 1106 707 1165 fraudem
731 1104 1013 1179 Carthaginiensium
1035 1113 1212 1161 avertentes:
1245 1112 1275 1160 et
1302 1104 1488 1162 Masinissam

425 1211 567 1268 Romanis
578 1229 615 1268 ax
624 1213 708 1268 hoste
718 1210 842 1266 amicum
853 1209 976 1278 factum3
997 1209 1165 1266 Verminam
1182 1226 1298 1282 quoque
1312 1209 1489 1281 annuarum,

425 1332 462 1371 ne
484 1314 587 1372 officiis
607 1314 798 1390 inpopulum
820 1316 985 1371 Romanum
1008 1322 1059 1370 aut
1082 1332 1100 1370 a
1121 1312 1278 1369 Masinissa
1299 1322 1351 1370 aut
1371 1315 1409 1371 ab
1432 1314 1490 1371 ullo

426 1419 484 1476 alio
514 1420 660 1489 vineatum
688 1428 802 1494 petere,
832 1427 864 1475 ut
893 1437 945 1474 rex
970 1419 1122 1492 sociusque
1143 1425 1173 1473 et
1194 1418 1304 1474 amicus
1326 1419 1364 1475 ab
1386 1427 1488 1475 senatu

377 1527 411 1581 15
426 1524 628 1599 appellaretur.
676 1525 859 1597 Responsum
881 1522 984 1596 legatis
1006 1529 1059 1591 est,
1081 1530 1109 1577 et
1124 1529 1236 1595 patrem
1252 1522 1313 1579 eius
1324 1521 1489 1597 Syphacem

425 1630 487 1687 sine
513 1646 603 1687 causa
629 1647 666 1685 ex
690 1628 770 1685 socio
800 1637 829 1683 et
853 1626 947 1683 amico
968 1627 1081 1682 hostem
1102 1633 1220 1699 repente
1241 1626 1343 1700 pepuli
1362 1627 1490 1684 Romani

424 1733 544 1803 factum,
562 1742 590 1790 et
605 1750 670 1789 eum
685 1732 780 1806 ipsum
795 1730 987 1788 rudimentum
1003 1729 1203 1787 adolescentiae
1214 1730 1290 1788 bello
1299 1730 1489 1789 lacessentem

377 1837 413 1896 tt
424 1840 575 1895 Romanos
589 1837 729 1910 posuisse.
761 1837 866 1909 Itaque
881 1854 982 1909 pacem
1000 1833 1043 1891 illi
1060 1834 1140 1908 prius
1158 1835 1313 1909 petendam
1326 1836 1364 1892 ab
1379 1837 1489 1911 populo

423 1944 558 1999 Romano
573 1958 645 2011 esse,
667 1959 754 2015 quam
777 1949 809 1998 ut
824 1959 877 1997 rex
894 1939 1047 2013 sociusque
1066 1946 1095 1996 et
1111 1938 1221 1996 amicus
1239 1940 1415 2014 appelletur3
1437 1959 1489 1997 uo·

425 2046 509 2102 minis
542 2046 603 2102 eius
631 2046 769 2101 honorem
798 2064 852 2119 pro
877 2044 990 2119 magnis
1019 2061 1090 2118 erga
1112 2062 1144 2101 sc
1164 2062 1264 2119 regum
1287 2045 1396 2102 maritis
1419 2047 1489 2104 dare

374 2153 410 2209 17
423 2148 563 2224 populum
592 2151 756 2206 Romanum
786 2166 949 2208 consuesse.
997 2148 1125 2223 Legatos
1152 2150 1302 2206 Romanos
1328 2150 1360 2206 in
1384 2150 1489 2210 Africa

423 2250 503 2321 fore,
530 2252 634 2326 quibus
666 2253 869 2309 mandaturum
897 2260 1045 2321 senatum,
1081 2261 1114 2309 ut
1133 2253 1281 2310 Verminae
1308 2254 1389 2327 pacis
1421 2257 1489 2313 dent

422 2343 515 2432 leges,
546 2358 667 2415 liberum
697 2357 846 2414 arbitrium
872 2357 932 2413 eius
954 2358 1063 2432 populo
1086 2360 1221 2415 Romano
1242 2358 1432 2432 permittanti3
1464 2361 1488 2418 si

423 2461 491 2535 quid
515 2462 553 2519 ad
574 2480 624 2519 eas
646 2462 729 2532 addi,
758 2462 834 2519 demi
856 2462 999 2520 mutarive
1019 2461 1121 2533 vellet,
1148 2480 1248 2521 rursus
1278 2465 1315 2523 ab
1336 2475 1440 2524 senatu
1462 2466 1506 2525 ei'

372 2570 408 2626 18
422 2566 627 2640 postulandum
648 2566 720 2623 fore.
761 2568 865 2640 Legati
888 2586 952 2624 eum
974 2569 1010 2625 iis
1032 2567 1176 2624 mandatis
1196 2568 1227 2625 in
1249 2568 1383 2627 Africam
1408 2572 1488 2629 missi

421 2668 456 2726 C.
474 2670 628 2727 Terentius
639 2671 747 2741 Varro,
770 2671 821 2746 Sp.
840 2673 1002 2743 Lucretius,
1024 2671 1077 2730 Cn.
1087 2671 1243 2743 Octavium
1266 2674 1486 2749 quinqueremes

419 2774 539 2848 singulis
561 2775 646 2834 datae.
1121 2785 1123 2790 ’

326 2864 367 2936 12
506 2878 622 2936 Litterae
643 2880 747 2937 deinde
768 2880 797 2937 in
815 2890 917 2937 senatu
933 2881 1061 2938 recitatae
1077 2889 1144 2937 sunt
1159 2880 1194 2954 Q.
1207 2881 1328 2939 Minucii
1344 2885 1486 2957 praetoris,

421 2980 467 3038 cui
493 2982 599 3039 Bruttii
627 2983 778 3059 provincia
806 2993 884 3055 erat,
923 2984 1074 3059 pecuniam
1107 2985 1210 3042 Locris
1238 3004 1275 3042 ex
1301 2987 1504 3064 Proserpina·

419 3087 563 3142 thesauris
584 3097 670 3144 noete
691 3090 765 3146 clam
788 3090 944 3160 sublatam,
965 3107 1028 3158 nec,
1051 3089 1089 3145 ad
1111 3106 1184 3161 quos
1203 3089 1347 3165 pertineat
1362 3091 1485 3163 facinus,

388 3189 543 3265 2vestigia
564 3193 624 3249 ulla
645 3201 768 3250 exstare.
817 3188 947 3269 Indigne'
961 3210 1066 3267 passus
1087 3201 1214 3265 senatus,
1238 3212 1297 3251 uon
1318 3198 1427 3253 cassari
1449 3199 1485 3253 ab

418 3294 592 3369 sacrilegiis,
621 3305 650 3353 et
677 3315 714 3354 ne
735 3298 908 3355 Pleminium
933 3299 1066 3373 quidem,
1098 3306 1158 3354 tam
1187 3297 1297 3355 clarum
1327 3317 1486 3375 recensque

387 3390 503 3456 dnorae
521 3399 606 3457 simul
623 3419 658 3457 ac
673 3408 766 3476 poenae
782 3402 958 3476 exemplum,
979 3400 1110 3458 homin'es
1129 3402 1283 3464 deterrere.
1318 3402 1484 3463 C.Aurclio

417 3503 528 3559 consuli
549 3505 696 3578 negot-ium
719 3506 828 3576 datum,
850 3514 882 3563 ut
903 3506 941 3562 ad
962 3515 1115 3580 praetorem
1136 3507 1166 3562 in
1187 3507 1317 3564 Bruttios
1337 3509 1484 3580 scriberet

417 3609 529 3665 senatui
550 3609 682 3683 placere,
715 3611 910 3685 quaestionem
926 3609 963 3665 de
984 3601 1123 3685 expilatis
1141 3611 1284 3669 thesauris
1306 3614 1408 3670 eodem
1431 3631 1484 3671 ex*-

416 3712 511 3786 emplo
527 3713 637 3783 haberi,
660 3732 718 3788 quo
735 3715 777 3771 M.
790 3715 971 3790 Pomponius
982 3722 1091 3789 praetor
1104 3715 1227 3771 triennio
1241 3725 1308 3772 ante
1322 3718 1486 3788 habuissem

384 3817 481 3889 dquae
497 3817 615 3873 inventa
631 3819 754 3893 pecunia
771 3791 857 3888 essetJ
875 3819 991 3894 reponi;
1010 3819 1036 3875 si
1051 3836 1109 3892 quo
1128 3821 1222 3877 miuus
1238 3820 1387 3887 inventum
1399 3821 1486 3893 foret,

415 3921 535 3996 expleri,
557 3940 592 3979 ac
613 3923 782 3997 piacularia,
804 3923 830 3980 si
850 3923 1008 3993 videretur,
1029 3923 1104 3980 sicut
1117 3932 1185 3980 ante
1195 3925 1345 3999 pontifices
1357 3928 1485 3984 censuis-

386 4027 493 4095 5sent‚
522 4026 594 4085 fieri.
642 4025 750 4085 Curam
772 4028 925 4102 expiandae
946 4026 1111 4084 violationis
1138 4029 1199 4085 eius
1228 4029 1328 4103 templi
1349 4031 1486 4105 prodigia

416 4130 502 4187 etiam
519 4131 589 4187 -sub
616 4131 692 4187 idem
723 4140 835 4206 tempus
865 4132 997 4207 pluribus
1024 4131 1096 4191 locis
1126 4134 1259 4190 nuntiata
1280 4135 1484 4192 accenderunt.

415 4233 451 4289 In
474 4235 601 4290 Lucanis
622 4234 724 4291 caelum
747 4236 853 4294 arsisse
875 4236 1046 4307 afferebant,
1066 4237 1202 4295 Priverni
1224 4256 1325 4294 sereno
1340 4244 1394 4313 per
1404 4239 1480 4296 diem
