3484 5025
613 553 689 603 Liber
707 555 833 605 xxxiv.
871 558 919 614 (Δ,
933 556 979 608 Ob.
996 559 1065 618 195.)
1270 563 1322 617 137

296 736 491 810 procederent
514 748 543 797 et
563 740 746 818 inopinantes
768 743 974 820 opprimerent.
1020 745 1058 802 Et
1086 745 1241 802 exercebat
1262 762 1298 802 ea
1319 762 1365 800 res

295 858 391 899 novos
423 842 546 913 militas,
579 856 607 905 et
627 848 753 906 hostium
781 868 889 924 magna
914 850 959 907 vis
988 850 1202 926 excipiebatur3
1232 866 1286 907 neo
1305 848 1363 907 ism

294 948 397 1023 egredi
419 958 504 1007 extra
527 952 703 1010 munimenta
725 953 909 1012 castellorum
942 955 1097 1018 audebant.
1140 955 1201 1016 Ubi
1228 953 1299 1011 satis
1326 951 1394 1010 adl

294 1053 366 1111 branc
389 1055 509 1112 modum
532 1066 561 1114 et
581 1075 699 1116 suorum
722 1069 751 1118 et
770 1058 896 1117 hostium
920 1060 1033 1119 animos
1055 1071 1098 1119 est
1120 1067 1270 1137 expertus,
1294 1074 1362 1114 con·

292 1158 398 1217 vocari
424 1160 557 1221 tribunos
584 1164 794 1241 praefectosque
821 1174 850 1221 et
873 1165 983 1240 equites
1006 1185 1106 1225 omnes
1132 1176 1161 1225 at
1182 1163 1362 1224 centuriones

292 1262 388 1327 iussit.
448 1269 616 1344 „Tempus“
648 1270 755 1345 inquit,
785 1270 883 1347 „quod
909 1288 986 1347 saepe
1017 1273 1154 1349 optastis,
1181 1270 1273 1341 venit,
1303 1276 1391 1343 quob

293 1370 379 1429 vobis
412 1380 544 1447 potestas
575 1378 658 1435 fieret
688 1377 822 1435 virtutem
856 1384 984 1435 vestram
1017 1378 1194 1439 ostendendi.
1253 1376 1361 1435 Adhuc

292 1477 465 1553 monum
489 1480 581 1556 magis
603 1500 690 1556 quam
711 1483 880 1541 bellantium
902 1483 1045 1541 militastis
1068 1503 1165 1554 more;
1187 1500 1262 1541 nuuc
1283 1482 1391 1542 instad

291 1600 394 1661 pugna
416 1586 517 1644 hostes
535 1605 599 1645 oum
614 1588 745 1647 hostibus
768 1588 925 1648 censeretis
947 1606 1080 1658 manum3
1103 1607 1162 1646 uon
1184 1607 1271 1665 agros
1292 1587 1359 1646 inde

292 1690 448 1768 populari,
475 1692 527 1750 sed
556 1693 669 1751 urbium
690 1714 761 1772 opes
789 1694 943 1753 exhaurire
970 1694 1075 1753 beabit.
1127 1697 1230 1754 Patres
1258 1693 1387 1763 nostri?

292 1814 382 1872 quum
411 1799 440 1856 a
469 1798 614 1873 Hispania
640 1798 923 1877 Carthaginiensium
956 1809 985 1858 et
1017 1800 1207 1877 imperatores
1239 1799 1297 1877 [ibi]
1330 1808 1359 1858 et

291 1904 439 1964 axmcitus
461 1913 571 1976 essent,
599 1906 656 1981 ipsi
683 1907 792 1965 nullum
820 1907 850 1964 in
872 1926 908 1965 ea
935 1906 1053 1966 militem
1075 1909 1230 1979 haberant,
1260 1917 1356 1966 tamen

291 2009 361 2070 addi
382 2012 441 2070 boc
462 2013 493 2070 in
520 2010 629 2070 foedere
650 2013 819 2084 voluerunt,
851 2022 883 2071 ut
904 2010 1016 2088 imperii
1036 2012 1080 2070 sui
1103 2014 1229 2073 Hiberus
1252 2015 1356 2073 fluvius

292 2125 369 2178 eset
389 2119 466 2177 finis.
513 2120 601 2178 Nunc
628 2138 716 2196 quum
738 2120 797 2177 duo
819 2127 972 2195 praetores,
1003 2137 1098 2196 quum¹
1122 2121 1237 2191 consul,
1267 2122 1385 2196 quum8

292 2230 349 2282 b'as
392 2224 536 2283 exercitus
567 2225 693 2284 Romani
728 2224 902 2300 Hispaniam
937 2223 1102 2295 obtineant,
1135 2225 1354 2303 Carthaginien-

292 2327 365 2388 sium
401 2331 501 2389 decem
533 2331 591 2390 iam
624 2350 716 2408 prope
746 2330 829 2390 annis
862 2348 947 2388 nemo
980 2330 1010 2388 iu
1043 2332 1088 2390 his
1120 2332 1277 2408 provinciis
1310 2333 1355 2396 sit,
1446 2368 1447 2371 =

261 2501 269 2527 ,Ι
293 2415 446 2515 inperium
475 2436 559 2495 nobis
586 2436 659 2495 citra
680 2437 822 2495 Hiberum
850 2436 987 2494 amissum
1021 2445 1073 2498 est.
1117 2438 1184 2495 Hoc
1213 2436 1301 2494 armis
1329 2440 1386 2495 ettt

292 2542 400 2603 virtute
433 2544 608 2620 recuperetis
638 2553 768 2620 oportet,
801 2552 830 2602 et
863 2544 1009 2602 nationem
1043 2544 1230 2603 rebellantem
1263 2545 1355 2620 magis

266 2716 268 2721 ,
293 2656 401 2713 imore
442 2668 530 2724 qnam
567 2659 733 2710 constanter
765 2650 919 2707 bellantem
957 2650 1072 2726 iugum,
1104 2670 1162 2726 quo
1204 2670 1235 2709 se
1267 2651 1355 2720 exuit,

261 2774 262 2779 ¹
295 2754 426 2833 accipere
447 2774 547 2815 rursus
570 2756 710 2833 cogatis.“
755 2757 790 2813 In
814 2757 890 2813 hunc
912 2757 1029 2814 modum
1044 2757 1170 2815 maxime
1185 2757 1355 2815 adhortatus
1373 2759 1405 2812 tu

296 2861 461 2937 pannutiat
480 2880 511 2921 ee
526 2872 611 2922 nocte
625 2863 664 2922 ad
678 2870 774 2920 castra
788 2862 915 2920 hostium
930 2863 1091 2920 ducturum.
1124 2865 1171 2921 Ita
1182 2864 1220 2920 ad
1231 2881 1355 2939 corpora

295 2967 422 3025 manda
432 2967 551 3031 dimissi
593 2967 809 3038 Noctemedia,
832 2987 920 3043 quum
937 2967 1065 3042 auspicio
1077 2986 1196 3043 operam
1219 2968 1353 3037 dedisset,
1383 2983 1386 2990 ·
1411 2962 1447 3029 14

295 3071 454 3147 profectus,
476 3086 508 3133 ut
530 3075 641 3147 locum,
663 3093 748 3150 quem
771 3073 870 3143 vellet,
896 3072 1065 3149 priusquam
1087 3074 1185 3130 hostes
1206 3073 1353 3143 sentirent,
1398 3062 1401 3067 ’

261 3150 269 3179 δ’
297 3188 417 3254 asperet,
438 3188 544 3256 praeter
565 3191 662 3239 castra
675 3179 800 3238 hostium
824 3179 1011 3237 circumducit
1032 3187 1061 3236 et
1081 3177 1269 3254 primulum,
1291 3177 1352 3235 acie

261 3350 272 3369 ἵ.
299 3281 440 3357 isonam,
452 3287 507 3345 sub
517 3286 612 3362 ipsum
623 3285 731 3342 vallum
743 3292 801 3342 tres
812 3285 946 3342 cohortes
957 3284 1052 3346 mittit.
1082 3283 1222 3341 Mirantes
1233 3284 1352 3341 barbari
1365 3283 1381 3337 2

261 3416 276 3489 p
301 3390 333 3447 ab
354 3401 435 3469 tergo
457 3390 629 3468 apparuisse
649 3393 830 3460 Romanum,
862 3389 1024 3447 discurrere
1057 3399 1083 3446 et
1110 3389 1166 3464 ipsi
1194 3389 1232 3446 ad
1259 3407 1349 3450 arma.

261 3492 264 3551 ῗ
302 3492 410 3555 Interim
431 3497 532 3555 consul
553 3497 632 3571 apud
658 3513 727 3553 suos
751 3494 923 3568 „Nusquam
949 3495 1003 3553 nisi
1024 3495 1054 3552 iu
1081 3495 1187 3553 virtute
1210 3511 1277 3569 spes
1298 3494 1381 3563 est‚3

261 3582 271 3639 [³
303 3599 413 3660 uilites“
438 3603 547 3679 inquit;
574 3611 622 3672 „et
641 3620 695 3677 ego
717 3600 832 3671 sedulo,
857 3612 1005 3674 deesset,
1033 3602 1095 3661 feci.
1142 3602 1223 3658 Inter
1255 3601 1380 3656 castrat

261 3668 268 3783 ξ
305 3716 391 3766 nostra
417 3718 446 3767 et
475 3727 529 3767 nos
557 3707 644 3766 medii
671 3708 769 3764 hostes
802 3716 831 3763 et
860 3708 898 3765 ab
926 3716 1008 3784 tergo
1039 3707 1165 3765 hostium
1198 3723 1269 3782 ager
1297 3712 1350 3764 est.

261 3824 270 3867 ἓ
306 3810 378 3885 Quod
403 3815 644 3892 pulcherrimum,
674 3812 750 3870 idem
781 3812 953 3870 tutissimum
982 3822 1042 3883 est,
1074 3812 1103 3869 in
1132 3811 1237 3869 virtute
1269 3827 1348 3885 apem

306 3918 412 3991 podiam
434 3922 572 3979 habere.“
620 3917 682 3977 Sub
696 3917 758 3974 haec
779 3919 913 3975 cohortes
933 3917 1023 3993 recipi
1044 3917 1132 3988 iubet,
1155 3926 1187 3975 ut
1207 3916 1349 3975 barbaros

307 4020 471 4085 simulatione
491 4024 570 4101 luge
583 4023 708 4081 eliceret
754 4023 804 4093 ld,
826 4022 905 4113 quod
927 4023 1096 4094 crediderat,
1123 4020 1227 4080 evenit
1277 4021 1349 4077 Per·
1363 4025 1380 4077 5

261 4110 416 4233 {bunum
436 4141 466 4190 et
486 4130 590 4191 cedere
610 4129 666 4187 rati
688 4129 838 4186 Romanos
859 4137 944 4204 porta
966 4136 1119 4204 erumpunt
1143 4135 1187 4196 et,
1209 4132 1348 4200 quantum

261 4236 268 4341 p
308 4229 366 4292 inm
384 4245 478 4296 casua
499 4255 554 4294 sua
582 4245 611 4292 et
633 4233 725 4292 aciem
746 4234 873 4291 hostium
894 4234 1025 4293 relictum
1048 4243 1110 4291 erat
1131 4233 1202 4302 loci,
1228 4228 1349 4288 armatis

261 4344 267 4403 i
308 4340 439 4415 ttuplent
482 4342 563 4398 Dum
584 4340 730 4414 trepidant
751 4339 813 4396 acie
828 4339 1005 4409 instruenda,
1028 4336 1165 4408 consul,⁸
1157 4355 1215 4393 tam
1238 4331 1379 4408 paratisb
