3484 5025
491 488 546 545 tat
752 481 830 532 Liber
842 480 958 534 xxxv.
994 480 1043 545 (s.
1056 494 1118 533 aa.
1132 480 1208 543 aas.)

417 668 525 726 tama
547 665 769 724 Flumentanam
792 662 1053 738 pertemescatis
1098 662 1212 722 Saxum
1234 662 1350 738 ingens,
1373 660 1429 720 siro
1444 660 1485 720 in·

449 772 547 832 bribus
569 788 621 828 seu
643 779 722 825 motu
744 779 827 826 terrm
847 768 966 837 leniore,
988 785 1076 841 quam
1102 777 1134 824 ut
1155 765 1267 840 alioqui
1286 765 1441 839 mutuam,
1454 765 1485 824 lt·

446 874 635 944 befactatum,
656 873 685 930 iu
708 872 802 931 vicum
822 871 970 947 Iugarium
992 891 1030 930 ex
1042 869 1189 948 Capitolio
1211 870 1341 946 procidit
1358 880 1387 930 ot
1405 869 1486 930 toul·

448 979 603 1057 oppressit.
660 979 695 1035 In
722 977 801 1052 agris
822 976 931 1053 passim
953 976 1101 1034 inundatis
1120 992 1217 1052 pecua
1239 975 1357 1046 ablata,
1380 973 1487 1048 villum

448 1097 561 1160 stragas
582 1083 661 1140 facta
683 1090 734 1141 ost.

419 1194 447 1247 7.
532 1188 708 1262 Priusquam
732 1187 766 1245 L.
788 1185 939 1258 Quinctius
961 1185 1063 1242 consul
1085 1184 1115 1241 in
1137 1184 1324 1260 provinciam
1342 1183 1487 1262 μή

449 1292 486 1366 Q.
515 1291 659 1350 Minucius
690 1291 720 1348 in
753 1308 826 1365 agro
852 1290 963 1348 Pisano
995 1307 1060 1348 cum
1090 1289 1249 1364 Liguribus
1280 1289 1374 1366 signis
1402 1285 1488 1346 oulbti

426 1395 604 1472 vpugnavit3
626 1414 730 1452 novem
752 1394 843 1451 millia
866 1395 993 1452 hostium
1015 1394 1130 1465 occidit,
1152 1405 1267 1454 eeteros
1288 1391 1488 1470 fuscam

419 1504 507 1577 Squa
536 1501 565 1558 in
591 1511 688 1558 castra
715 1499 863 1574 compulit.
916 1500 963 1557 Ea
991 1499 1134 1573 usquein
1155 1509 1272 1558 noctem
1295 1517 1404 1576 magna
1420 1503 1488 1556 aab

395 1606 528 1676 ,imina
555 1612 725 1680 oppugnata
754 1602 932 1677 defensaque
955 1612 1032 1665 sunt.
1090 1606 1188 1664 Nocte
1215 1605 1294 1662 clam
1323 1597 1488 1681 protesilai

450 1728 553 1786 gures;
578 1709 673 1784 primo
693 1708 758 1765 luca
779 1726 874 1765 vacua
896 1717 994 1764 castra
1015 1710 1166 1766 Romanus
1192 1708 1318 1778 invasitt
1339 1707 1438 1784 prote
1451 1701 1487 1768 ὖ

451 1832 505 1870 nus
526 1812 673 1870 inventum
696 1824 755 1883 est,
781 1812 859 1888 quod
881 1811 1004 1869 subinde
1024 1810 1119 1888 spolia
1140 1828 1280 1885 agrorum
1306 1821 1395 1890 capta
1474 1842 1487 1865 s

401 1916 612 1976 tomitanam
669 1917 813 1976 Minucius
843 1916 913 1974 nihil
944 1917 1048 1976 deinde
1075 1914 1237 1973 laxamenti
1263 1914 1397 1974 hostibus
1432 1943 1433 1959 κ
1465 1924 1472 1929 “

451 2021 498 2078 Ex
521 2038 593 2094 agro
614 2019 725 2078 Pisano
745 2020 775 2077 in
796 2020 920 2095 Ligures
945 2021 1092 2097 profectus
1114 2020 1235 2079 castella
1256 2021 1397 2095 virosque
1422 2050 1437 2065 Α
1484 2060 1486 2063 -

402 2129 436 2186 tt
451 2125 510 2200 igni
536 2125 673 2199 ferroque
699 2126 889 2199 pervastavit,
938 2127 984 2184 lbi
1011 2128 1111 2201 praeda
1137 2126 1280 2197 Etrusca,
1309 2143 1376 2201 quo
1389 2123 1462 2186 ml·

450 2229 672 2306 populatoribus
693 2228 798 2299 fuerat,
820 2230 947 2305 repletus
971 2240 1015 2287 est
1036 2229 1119 2288 miles
1139 2231 1304 2288 Romanus.

356 2332 401 2403 22
535 2333 597 2392 Sub
625 2334 701 2390 idem
731 2342 845 2409 tempus
873 2334 963 2409 legati
984 2336 1022 2392 ab
1044 2336 1161 2409 regibus
1182 2336 1311 2393 Romam
1332 2353 1400 2393 non
1421 2361 1431 2378 a
1480 2350 1483 2360 ⁹

421 2438 511 2512 2Qui
541 2459 629 2515 quum
658 2438 744 2509 nihil,
773 2439 852 2513 quod
879 2440 948 2495 satis
976 2451 1120 2497 maturam
1148 2457 1267 2496 cauum
1294 2439 1363 2498 belli
1387 2440 1406 2498 b
1479 2460 1485 2471 ·’

452 2545 507 2602 nisi
538 2545 678 2601 adversus
700 2544 953 2601 Lacedaemonium
981 2554 1135 2621 tyrannum
1165 2544 1348 2617 attulissent,
1381 2560 1453 2619 qun

452 2648 555 2704 Achai
584 2647 672 2722 legati
699 2649 871 2705 nuntiabant
893 2659 995 2706 contra
1022 2649 1117 2707 faedus
1148 2649 1325 2707 maritimam
1354 2667 1430 2707 cmm

452 2771 556 2809 conum
579 2770 766 2826 oppugnare,
789 2753 897 2810 Atilius
919 2766 1026 2830 praetor
1049 2773 1114 2811 cum
1138 2754 1231 2811 classe
1255 2755 1362 2813 missus
1381 2754 1411 2811 in
1425 2749 1458 2811 il:
1482 2791 1483 2798 κ

421 2856 525 2920 asiam
548 2866 590 2913 est
613 2856 652 2912 ad
675 2858 797 2914 tuendos
819 2859 925 2916 socios.
975 2857 1133 2928 Consules,
1158 2859 1276 2933 quando
1302 2859 1374 2917 nibil
1393 2859 1427 2917 ab
1475 2856 1485 2900 ἰ

453 2960 549 3017 tiooho
572 2961 709 3029 instaret,
732 2962 876 3036 proficisci
898 2963 985 3019 ambo
1008 2964 1038 3019 in
1059 2962 1225 3036 provincias
1247 2963 1367 3037 placuit.
1422 2972 1444 3012 t*

452 3065 509 3121 tius
539 3066 577 3121 ab
600 3065 749 3133 Arimino,
778 3085 837 3139 qua
859 3068 1024 3142 proximum
1046 3065 1118 3136 fuit,
1142 3066 1295 3139 Quinctius
1322 3089 1377 3145 por
1419 3067 1442 3133 ’μ
1482 3071 1483 3074 ’

421 3170 480 3232 tin
511 3170 600 3227 Boios
629 3170 719 3231 vonit.
771 3171 839 3229 Duo
867 3170 1016 3228 consulum
1044 3171 1162 3246 agmina
1190 3172 1309 3230 diversa
1336 3175 1395 3233 late
1434 3202 1445 3236 ,ι
1484 3223 1485 3226 ,

451 3275 576 3332 hostium
602 3284 816 3349 pervastarunt.
864 3275 965 3332 Primo
994 3277 1105 3350 equites
1126 3295 1226 3333 eorum
1249 3279 1339 3352 pauci
1359 3298 1421 3339 eum
1444 3305 1453 3322 ν

451 3378 551 3449 fectis,
574 3379 677 3436 deinde
699 3380 849 3436 universus
874 3389 1000 3446 senatus,
1022 3393 1187 3456 postremo,
1208 3381 1238 3438 iu
1261 3384 1368 3457 quibus
1388 3392 1434 3441 aut
1462 3419 1463 3422 =

452 3493 522 3540 tuna
546 3484 646 3557 aliqua
667 3494 717 3539 aut
739 3482 865 3558 dignitas
887 3493 959 3555 erat,
982 3485 1020 3541 ad
1041 3485 1119 3543 mille
1141 3485 1292 3560 quingenti
1319 3486 1360 3543 ad
1393 3514 1428 3534 m
1446 3513 1461 3520 1*
1488 3529 1492 3536 .

452 3587 677 3662 transfugerunt.

423 3701 440 3752 5
536 3693 576 3749 Et
613 3692 643 3748 in
674 3700 798 3765 utraque
823 3690 970 3765 Hispania
1000 3710 1034 3747 eo
1062 3709 1139 3750 anno
1168 3711 1216 3750 res
1245 3712 1388 3770 prospero
1418 3722 1438 3760 χι
1488 3719 1494 3752 z

453 3813 521 3851 nam
544 3806 573 3852 et
594 3791 627 3852 0.
650 3794 811 3852 Flaminius
833 3795 970 3870 oppidum
994 3796 1149 3852 Licabrum
1175 3797 1317 3855 munitum
1340 3819 1390 3857 ow
1415 3826 1439 3846 „a

454 3917 512 3972 quo
533 3897 625 3955 vineis
649 3899 827 3975 expugnarit
844 3911 873 3956 at
894 3899 1020 3956 nobilem
1039 3899 1170 3975 regulum
1189 3899 1406 3963 Conribilonem
1426 3900 1442 3934 *¹
1491 3919 1492 3922 ’

422 4001 546 4076 eoepit,
575 4012 604 4058 at
625 4003 667 4061 M.
694 4001 814 4058 Fulvius
841 4002 998 4076 proconsul
1027 4021 1092 4059 cum
1121 4005 1238 4062 duobus
1265 4009 1434 4067 exercitibus
1493 4014 1500 4061 .“

452 4106 538 4181 stium
572 4106 630 4163 duo
664 4107 792 4163 secunda
825 4105 930 4182 proelia
959 4105 1045 4178 fecit,
1082 4109 1191 4184 oppida
1223 4111 1282 4167 duo
1311 4113 1387 4189 Hisp
1412 4136 1438 4159 <u
1480 4094 1498 4117 ⁶

451 4209 618 4268 Vesceliam
634 4210 844 4285 Helonemque,
865 4220 895 4269 et
915 4210 1035 4269 castella
1056 4213 1148 4270 multa
1169 4214 1437 4292 expugnavimus
1449 4208 1498 4275 ν’·
