3484 5025
382 537 386 544 .
465 488 525 544 224
592 559 596 568 Ι
773 486 918 538 Liberxn.
948 483 1143 550 (aucum.)

330 664 369 735 lii
428 658 431 664 ’
506 670 623 727 Dicenti
655 672 716 727 brec
752 671 879 728 lacrima
912 670 998 727 simul
1033 669 1167 743 spiritum
1206 678 1236 725 et
1272 686 1372 725 vocem
1404 667 1477 725 iuter·

424 776 579 835 cluserunt.
629 776 791 851 Philippus,
820 776 972 844 summotis
994 775 1046 846 iis,
1076 773 1230 848 paulisper
1250 773 1406 830 collocutus
1424 791 1477 831 cum
1511 849 1514 856 Δ

394 881 525 942 2amicis
547 882 761 955 pronuntiavit,
792 899 851 939 non
880 880 976 939 verbis
1003 898 1035 938 se
1063 897 1117 953 nec
1138 878 1234 967 unius
1248 880 1332 936 horae
1355 879 1478 953 discepta-

425 989 504 1045 tione
526 1007 645 1045 causam
668 1006 766 1044 eorum
791 988 1023 1057 diiudicaturum,
1045 986 1097 1043 sed
1112 986 1290 1060 inquirendo
1306 986 1337 1042 in
1351 985 1479 1059 utriusque

426 1095 516 1150 vitam
540 1112 574 1149 ac
595 1111 701 1161 mores,
729 1103 758 1148 et
778 1093 856 1150 <licta
877 1091 1016 1167 factaque
1036 1092 1066 1149 iu
1088 1091 1205 1166 magnis
1229 1092 1391 1167 parvisque
1409 1092 1478 1147 rebus

318 1234 323 1241 -
394 1200 627 1268 30bservando,
661 1209 693 1254 ut
715 1198 848 1255 omnibus
878 1205 1048 1273 appareret,
1084 1197 1179 1253 noctis
1213 1196 1359 1280 proxima
1389 1196 1478 1253 crimen

425 1304 511 1362 facile
525 1305 675 1372 revictum,
697 1314 861 1379 suspectam
878 1303 996 1361 nimiam
1019 1321 1084 1360 cum
1099 1302 1244 1361 Romanis
1268 1302 1408 1359 Demetrii
1426 1320 1479 1377 gra·

425 1410 495 1465 tiam
521 1427 593 1469 esse.
635 1410 707 1466 Haec
728 1409 797 1465 vivo
812 1409 950 1484 Philippo
972 1408 1052 1465 velut
1074 1408 1187 1464 semina
1209 1408 1291 1464 iacta
1312 1420 1379 1465 sunt
1398 1408 1481 1464 Mace·

427 1514 522 1571 donici
546 1514 623 1585 belli,
646 1515 724 1597 quod
746 1515 874 1571 maxime
895 1534 960 1571 cum
982 1516 1093 1571 Perseo
1114 1514 1278 1589 gerendum
1302 1524 1375 1574 erat.

396 1627 414 1678 t
511 1618 653 1676 Consules
690 1622 777 1677 ambo
809 1622 839 1677 in
871 1620 1012 1696 Ligures,
1049 1639 1113 1693 quae
1145 1629 1208 1675 tum
1242 1636 1304 1675 una
1339 1616 1482 1675 consularia

427 1726 579 1801 provincia
600 1733 672 1794 erat,
694 1727 933 1800 proficiscuntur;
965 1735 994 1782 et
1016 1727 1084 1799 quia
1105 1709 1249 1799 prospere
1271 1723 1312 1781 ibi
1333 1742 1381 1781 res
1400 1742 1483 1798 gesse·

397 1836 503 1897 brunt,
533 1830 707 1905 supplicatio
729 1832 758 1888 in
787 1851 875 1889 unum
909 1832 984 1889 diem
1014 1832 1130 1888 decreta
1159 1841 1213 1887 est.
1272 1830 1412 1904 Ligurum
1439 1829 1485 1884 duo

428 1936 517 1991 millia
539 1935 600 1992 fere
629 1936 667 1991 ad
689 1946 849 1993 extremum
872 1940 958 1995 finem
972 1918 1138 2012 'provinciae
1159 1935 1287 2005 Galliae,
1322 1936 1373 1992 ubi
1403 1946 1484 1992 casua

426 2042 585 2098 Marcellus
608 2042 743 2110 habebat,
769 2053 920 2112 venerunt,
946 2042 989 2099 uti
1010 2042 1216 2117 reciperentur,
1240 2051 1372 2101 orantes.
1417 2041 1484 2098 Mar·

428 2146 533 2215 cellus,
566 2146 692 2220 opperiri
729 2147 830 2204 eodem
863 2148 928 2205 loco
956 2148 1113 2224 Liguribus
1144 2148 1249 2218 iussis,
1284 2158 1417 2205 senatum
1445 2164 1485 2221 per

398 2251 540 2309 blitteras
562 2251 715 2312 consuluit.
764 2252 889 2310 Senatus
912 2254 1069 2310 rescribere
1093 2252 1135 2309 M.
1159 2251 1323 2327 Ogulnium
1347 2262 1486 2327 praetorem

429 2357 570 2413 Marcello
593 2357 685 2427 iussit,
708 2360 804 2415 ven'us
825 2358 916 2416 fuisse
936 2358 1078 2427 consules,
1100 2375 1224 2431 quorum
1245 2358 1402 2432 provincia
1415 2367 1486 2426 esset,

429 2481 516 2536 quam
550 2482 597 2531 se,
630 2465 699 2538 quid
730 2484 743 2521 e
771 2484 801 2520 re
833 2465 946 2540 publicu
978 2472 1060 2533 aeret,
1093 2462 1251 2532 decerner03
1286 2471 1349 2519 tum
1386 2480 1486 2538 quoque

427 2587 485 2624 non
519 2570 640 2644 placere·
672 2570 727 2626 nisi
755 2589 808 2644 per
829 2571 1004 2627 deditionem
1024 2570 1146 2644 Ligures
1175 2569 1283 2643 recipi,
1319 2579 1350 2625 et
1379 2568 1486 2644 receptis

413 2693 510 2730 arma
544 2675 633 2732 adimi
660 2686 747 2749 atque
776 2695 826 2733 eos
862 2677 900 2732 ad
930 2675 1061 2732 consules
1098 2674 1171 2730 mitti
1207 2686 1347 2730 senatum
1387 2692 1486 2748 aequum

426 2798 552 2839 censere.

397 2893 412 2944 7
510 2886 654 2962 Praetores
684 2888 785 2943 eodem
819 2897 949 2961 ternpore
977 2888 1013 2942 P.
1035 2885 1163 2942 Manlius
1192 2884 1221 2940 in
1253 2884 1422 2943 ulteriorem
1442 2884 1486 2940 Hi-

426 2991 574 3063 spaniam,
604 3011 691 3065 quam
715 3005 741 3048 et
765 2992 862 3067 priore
884 2988 1010 3067 praetura
1037 2991 1217 3067 provinciam
1243 2993 1429 3061 obtinuerat,
1457 2989 1485 3061 Q.

425 3095 549 3153 Fulvius
586 3097 709 3154 Flaccus
744 3097 773 3153 in
811 3098 971 3154 citeriorem
1013 3098 1162 3172 pervenit,
1205 3097 1428 3171 exercitumque
1458 3095 1485 3151 ab

427 3203 467 3257 A.
492 3203 630 3258 Terentio
660 3204 786 3277 accepit;
820 3223 888 3259 nam
919 3203 1037 3260 ulterior
1059 3216 1151 3260 morte
1179 3205 1215 3261 P.
1241 3203 1410 3277 Sempronii
1430 3220 1485 3278 pro·

376 3306 552 3368 ·'8consulis
585 3307 647 3362 sine
679 3308 801 3382 imperio
834 3306 938 3367 fuerat.
1007 3308 1141 3366 Fulvium
1176 3309 1320 3366 Flaccum
1361 3309 1484 3384 oppidum

426 3412 783 3500 HispanumLUrbicuam
819 3415 936 3470 nomine
974 3425 1190 3489 oppugnantem
1229 3414 1373 3472 Celtiberi
1405 3412 1484 3472 adorti

426 3527 502 3574 sunt.
547 3518 700 3604 Dura'ibi
727 3520 830 3594 proelia
859 3522 970 3596 aliquot
1002 3520 1096 3590 facta,
1131 3520 1214 3576 multi
1236 3522 1367 3578 Romani
1395 3521 1483 3577 milites

426 3632 455 3677 et
483 3622 630 3679 vulnerati
659 3634 687 3679 et
714 3624 856 3681 interfecti
884 3635 959 3682 sunt.
1013 3626 1092 3682 Vicit
1122 3628 1346 3701 perseverantia
1369 3626 1482 3690 Fulvius,

427 3726 505 3797 quod
533 3726 612 3782 nulla
639 3729 669 3784 vi
699 3730 829 3785 abstrahi
861 3733 898 3788 ab
927 3731 1076 3787 obsidione
1098 3732 1201 3806 potuit.
1263 3731 1400 3790 Celtiberi
1426 3727 1480 3788 fessi

396 3831 536 3905 9proeliis
565 3833 654 3888 variis
681 3835 900 3905 abscesserunt3
928 3838 997 3906 urbs
1021 3830 1120 3893 amoto
1151 3836 1264 3894 auxilio
1295 3857 1394 3894 eorum
1421 3837 1480 3892 intre

427 3925 537 4010 paucos
568 3938 629 3994 dies
659 3950 746 4013 capta
775 3952 804 3996 et
830 3941 945 4016 direpta
975 3950 1032 4010 est3
1067 3941 1195 4015 praedam
1226 3943 1368 4000 militibus
1391 3951 1479 4017 prator

379 4043 579 4100 lOconcessit.
633 4043 755 4100 Fulvius
786 4046 842 4102 hoc
873 4046 981 4120 oppido
1010 4056 1110 4121 capto,
1148 4049 1184 4104 P.
1207 4049 1339 4106 Manlius
1371 4046 1478 4105 exercitu

427 4155 540 4202 tantum
563 4149 592 4203 in
615 4167 704 4204 unum
728 4162 839 4215 coacto,
870 4150 919 4225 qui
941 4151 1097 4226 dissipatus
1119 4138 1225 4223 fuerat,
1256 4155 1414 4212 nulla'alia
1432 4169 1478 4208 me·

427 4252 562 4308 motabili
583 4264 666 4327 gesta
687 4275 733 4324 re,
763 4257 905 4313 exercitus
933 4257 962 4311 in
989 4257 1111 4315 hiberna
1132 4259 1329 4322 deduxerunt.
1370 4261 1435 4317 Heu
1452 4272 1479 4312 tt
