3484 5025
480 529 540 586 214
777 522 924 578 urusrxn.
946 520 1004 590 (a.
1019 541 1044 575 u.
1058 541 1080 576 s.
1094 528 1172 590 ma.)

408 713 486 769 ltus
519 710 557 767 ad
587 728 687 768 cenam
722 713 759 771 ab
792 712 944 769 Demetrio
977 714 1103 769 Perseus
1136 720 1287 787 negasset.
1344 711 1425 767 Festo
1451 709 1486 765 die

439 816 564 891 benigna
596 816 729 875 invitatio
762 828 791 875 et
822 817 954 875 hilaritas
985 816 1126 875 iuvenalis
1165 825 1310 891 utrosque
1346 815 1374 871 in
1408 814 1484 870 vinum

407 922 535 981 3traxit.
587 921 834 982 Commemoratio
869 923 909 980 ibi
935 922 1099 980 certaminis
1126 921 1232 977 ludicri
1260 930 1291 976 et
1312 920 1409 977 iocosa
1426 918 1485 974 dicta

436 1026 467 1083 in
489 1028 689 1100 adversarios,
720 1028 762 1085 ita
791 1038 822 1085 ut
845 1047 882 1085 ne
909 1028 980 1103 ipsis
1010 1027 1126 1102 quidem
1150 1026 1275 1084 ducibus
1311 1025 1485 1093 abstineretur,

407 1132 631 1192 diaetabantur.
681 1134 731 1190 Ad
758 1134 812 1190 has
835 1108 1022 1208 excipiendas
1043 1150 1131 1190 voces
1153 1132 1326 1207 speculator
1349 1148 1387 1192 ex
1406 1111 1485 1185 nnn*-

406 1252 409 1258 ·
436 1237 481 1294 vis
503 1238 605 1295 Persei
638 1238 741 1295 missus
775 1257 862 1312 quum
895 1239 1038 1296 incautior
1065 1240 1291 1307 obversaretur,
1325 1242 1485 1308 exceptura

407 1342 588 1404 5iuvenibus
617 1343 694 1401 forte
715 1343 839 1402 triclinio
867 1346 991 1420 egressis
1026 1345 1101 1401 mals
1128 1343 1285 1400 mulcetur.
1345 1340 1434 1397 Huius
1454 1339 1485 1395 rei

435 1448 555 1522 ignarus
586 1449 753 1505 Demetrius
787 1450 883 1522 „Quin
916 1452 1121 1509 comissatum“
1156 1448 1253 1521 inquit
1291 1448 1351 1516 „ad
1388 1445 1484 1504 fratrem

1527 1496 1529 1530 l

435 1554 510 1610 inrue
535 1554 656 1611 stiram
679 1554 750 1624 eins,
773 1555 797 1611 si
819 1573 878 1629 qua
901 1574 937 1612 ex
960 1556 1116 1612 certamine
1130 1554 1249 1625 residet,
1272 1552 1486 1626 simplicitates
1525 1539 1529 1644 l

405 1659 582 1718 dhilaritats
604 1669 703 1717 nostra
725 1659 886 1718 lenimus?“
910 1658 1019 1717 Omnes
1039 1660 1082 1717 ire
1100 1678 1131 1716 se
1146 1659 1381 1728 conclamarunt,
1402 1664 1485 1731 preter
1526 1685 1529 1738 g

435 1781 496 1833 eos,
518 1765 568 1838 qui
590 1765 780 1839 speculatoris
803 1768 840 1823 ab
863 1784 895 1822 se
916 1766 1023 1840 pulsati
1044 1773 1215 1840 praesentem
1239 1764 1380 1820 ultionem
1398 1772 1485 1819 metue·

435 1870 516 1931 bant.
559 1870 656 1943 Quum
689 1891 739 1928 eos
774 1890 890 1946 quoque
911 1871 1077 1929 Demetrius
1106 1872 1251 1941 traheret,
1285 1868 1394 1926 ferrum
1423 1876 1486 1924 veste

405 1975 617 2045 labdiderunt,
639 1995 698 2050 quo
720 1980 875 2048 satutari,
910 1978 1020 2051 siqua
1044 1976 1088 2033 vis
1110 1977 1208 2046 fieret,
1241 1982 1375 2049 possent.
1423 1969 1487 2029 Nihil

435 2080 540 2136 occulti
572 2098 635 2136 esse
662 2081 693 2138 in
720 2083 857 2140 intestina
890 2076 1036 2139 discordia
1067 2090 1172 2156 potest.
1232 2082 1373 2154 Utraque
1403 2080 1488 2135 domus

434 2185 647 2259 speculatorum
670 2195 700 2244 et
723 2189 904 2262 proditorum
926 2189 1012 2263 plena
1034 2196 1111 2255 erat3
1141 2187 1336 2259 praecucurrit
1361 2186 1444 2243 index
1461 2182 1489 2240 ud

434 2290 559 2361 Persea,
593 2291 671 2348 ferro
710 2294 872 2350 succinctos
906 2293 1042 2350 nuntians
1075 2309 1138 2347 cum
1171 2290 1331 2348 Demetrio
1373 2299 1491 2365 quattuor

404 2396 633 2457 8adclescentes
654 2398 761 2457 venire.
813 2399 877 2456 Etsi
900 2398 990 2455 causa
1024 2397 1187 2472 apparebat
1216 2396 1300 2469 (nam
1325 2398 1363 2453 ab
1385 2396 1419 2453 iis
1441 2394 1490 2480 pul·

433 2511 528 2557 satum
552 2502 704 2560 convivam
728 2524 810 2561 suum
835 2503 989 2576 audierat),
1010 2501 1186 2559 infamandae
1209 2501 1250 2558 rei
1276 2521 1370 2560 causa
1391 2502 1491 2560 ianuam

434 2607 564 2664 obserari
586 2609 674 2680 iubet,
697 2620 723 2666 et
747 2630 783 2667 ex
806 2622 890 2685 parte
913 2610 1062 2685 superiore
1083 2607 1186 2664 aedium
1210 2607 1368 2682 versisque
1382 2610 1411 2666 in
1430 2608 1492 2665 viam

432 2710 565 2768 fenestris
600 2714 820 2785 comissatores,
852 2724 991 2789 tanquam
1029 2714 1065 2770 ad
1096 2714 1203 2769 caedern
1240 2731 1329 2769 snam
1352 2714 1492 2781 venientes,

343 2868 346 2872 ,
403 2818 513 2878 ttaditn
539 2819 633 2874 ianuae
656 2831 742 2880 arcet.
790 2820 957 2904 Demetrius
981 2819 1164 2894 parvinum,
1189 2818 1270 2891 qnod
1297 2819 1491 2885 excluderetur,

434 2923 583 2997 paulisper
605 2925 782 2982 vociferatus
803 2927 833 2982 in
856 2924 1021 2981 convivium
1043 2922 1126 2993 redit,
1149 2923 1238 2979 totius
1264 2925 1309 2980 rei
1330 2925 1455 3000 ignarus.

326 3003 359 3087 (8
517 3029 642 3086 Postero
665 3032 711 3087 die
731 3033 871 3101 Perseus,
902 3050 990 3105 quum
1012 3030 1135 3106 primum
1159 3029 1356 3087 conveniendi
1379 3040 1491 3106 potestas

433 3134 525 3207 patris
557 3134 625 3203 fuit,
660 3138 771 3212 regiam
803 3139 949 3212 ingressus
978 3138 1146 3212 perturbato
1175 3134 1258 3190 vultu
1290 3135 1321 3191 in
1351 3144 1491 3211 conspectu

402 3237 419 3292 2
433 3241 524 3313 patris
540 3242 644 3298 tacitus
660 3243 761 3317 procul
776 3243 910 3300 constitit.
943 3240 1027 3318 [Cui]
1050 3259 1136 3315 quum
1153 3249 1239 3313 pater
1264 3240 1371 3308 „Satin
1386 3238 1490 3297 salve?“

432 3354 475 3414 et,
504 3364 636 3419 quaenam
659 3367 694 3403 eo
717 3348 850 3404 maestitia
871 3355 964 3416 esset,
997 3347 1190 3419 interrogaret
1213 3363 1298 3414 eum,
1335 3347 1402 3415 „De
1425 3346 1490 3402 lucro

431 3451 502 3506 tibi“
533 3452 626 3525 inquit
655 3453 773 3521 „vivere
799 3472 850 3511 >me
877 3452 960 3508 scito.
1017 3453 1080 3508 Iam
1114 3469 1172 3507 non
1207 3451 1332 3508 occultis
1366 3471 1385 3508 a
1416 3452 1491 3508 fratre

431 3557 556 3630 petimur
577 3557 704 3626 insidiis3
734 3567 818 3613 nocte
841 3576 905 3613 curn
929 3557 1048 3614 armatis
1071 3558 1188 3612 domum
1213 3556 1251 3612 ad
1275 3557 1489 3615 interficiendum

433 3662 592 3737 mevenit,
621 3663 784 3736 clausisque
805 3661 926 3730 foribus,
949 3664 1091 3737 parietum
1114 3661 1250 3735 praesidio
1282 3682 1331 3718 me
1361 3683 1379 3719 a
1408 3663 1490 3720 furore

401 3764 575 3822 delossum
599 3773 737 3827 tutatus.“
788 3769 884 3840 Quum
907 3787 1046 3843 pavorem
1070 3767 1190 3824 mixtum
1209 3767 1410 3824 admiratione
1428 3765 1489 3843 patn‘

430 3869 583 3940 iniecisset,
609 3873 729 3947 „Atqui
745 3875 769 3929 si
792 3843 876 3930 aures
899 3874 1028 3946 praebere
1043 3876 1144 3947 potes“
1167 3871 1273 3945 inquit,
1299 3874 1488 3942 „manifestam

398 3979 490 4031 trem
514 3988 613 4034 teneas
634 3977 769 4034 faciam.“
814 3978 972 4036 Enimvero
988 3995 1019 4035 se
1035 3977 1188 4051 Philippus
1213 3978 1314 4036 dicere
1329 3981 1488 4044 auditurum,

428 4082 587 4155 vocarique
609 4083 755 4158 extemplo
778 4084 959 4140 Demetrium
982 4084 1073 4149 iussit,
1095 4092 1123 4139 et
1145 4083 1277 4140 seniores
1294 4085 1407 4144 amicos
1421 4087 1487 4149 duos

428 4195 562 4258 expertes
584 4187 760 4244 iuvenalium
781 4188 857 4245 inter
878 4187 983 4244 fratres
999 4188 1199 4257 certaminum,
1221 4188 1424 4263 infrequentes
1442 4191 1486 4246 ian

426 4290 574 4366 in'regia,
605 4292 811 4368 Lysimachum
835 4302 864 4350 et
886 4293 1079 4352 Onomastum
1102 4293 1241 4364 arcessit,
1273 4314 1351 4369 quos
1379 4297 1409 4353 in
1434 4312 1485 4353 cou-
