3484 5025
520 516 524 523 ·
582 510 661 561 nitar
676 510 803 561 mm.
838 510 887 577 (Δ.
901 491 950 563 uta
966 512 1038 579 rat.)
1256 518 1293 575 st

275 705 308 754 et
327 715 434 772 parare
454 696 541 756 iubet.
588 696 677 755 Vallo
699 704 728 754 et
748 697 924 755 Macedones
945 707 974 755 et
995 697 1092 757 Greci
1113 700 1158 756 usi
1179 709 1262 771 sunt,
1287 703 1367 759 sed5

274 822 363 861 nsum
389 822 443 861 nec
469 803 507 861 ad
528 802 761 859 commoditatem
789 802 900 860 ferendi
927 822 980 861 nec
1004 805 1042 861 ad
1061 804 1151 879 ipsius
1173 806 1337 865 munitionis

272 912 489 974 firmammtum
518 918 706 985 aptaverunt3
736 927 804 966 nam
832 918 860 965 et
891 911 1014 968 maiores
1043 920 1071 968 et
1092 911 1185 985 magis
1205 918 1367 971 ramosasb

273 1015 399 1073 arbores
420 1015 583 1087 caedebant,
608 1016 695 1090 quam
724 1034 797 1091 quas
823 1014 899 1073 ferre
927 1034 992 1073 cum
1015 1018 1102 1074 armis
1124 1018 1206 1075 miles
1229 1030 1336 1093 posset,

273 1130 307 1178 et
321 1140 410 1195 quum
426 1130 522 1179 castra
536 1122 581 1179 his
597 1131 662 1179 ante
675 1122 794 1179 obiectis
811 1122 983 1198 saepsissent,
1004 1122 1097 1180 facilis
1111 1123 1221 1180 molitio
1237 1142 1336 1181 eorum

276 1226 349 1284 valli
376 1237 448 1289 erat.
514 1228 592 1285 Nam
622 1236 650 1284 et
679 1229 748 1303 quia
773 1228 833 1285 rari
860 1228 972 1303 stipites
1000 1248 1170 1304 magnarum
1201 1232 1366 1289 arborum?

276 1333 444 1391 eminebant
478 1334 618 1408 multique
653 1343 682 1391 at
709 1334 798 1391 validi
827 1335 911 1391 remi·
931 1335 1114 1409 praebebant,
1151 1334 1229 1407 quod
1259 1342 1338 1391 recte

274 1459 367 1497 manu
405 1449 570 1517 caperetur,
613 1440 671 1497 duo
710 1449 761 1496 aut
797 1458 940 1496 summurn
973 1449 1031 1496 tres
1065 1440 1182 1497 iuvenes
1222 1440 1367 1503 connixis

222 1567 228 1572 ·
272 1548 413 1603 arborem
433 1566 520 1604 unam
543 1546 720 1616 evellebant,
750 1563 809 1619 qua
838 1546 940 1602 evulsa
966 1556 1057 1621 portae
1081 1548 1171 1603 instar
1193 1548 1337 1624 extemplo

273 1652 411 1727 patebat,
438 1652 541 1710 necin
562 1662 697 1728 promptu
719 1660 797 1722 erat,
826 1652 905 1727 quod
926 1653 1140 1713 obmolirentur.
1188 1654 1366 1715 Romanus9

274 1758 356 1815 leves
388 1767 418 1815 et
447 1757 574 1815 bifurcos
604 1758 758 1834 plerosque
788 1768 817 1814 ct
844 1759 929 1815 trium
961 1768 1027 1827 aut,
1058 1777 1147 1834 quum
1173 1760 1337 1835 plurimum,

273 1866 416 1938 quattuor
447 1882 595 1921 ramorum
624 1864 718 1921 vallos
748 1864 847 1935 caedit,
884 1873 916 1921 ut
947 1875 975 1921 et
1007 1865 1169 1941 suspensis,
1186 1868 1223 1924 ab
1255 1876 1337 1942 tergo
1374 1853 1381 1862 ”

273 1971 368 2027 arnna
395 1969 472 2027 ferat
499 1972 596 2046 plures
620 1971 705 2027 simul
731 1979 799 2045 apte
826 1971 924 2041 miles3
939 1980 985 2046 'et
1011 1972 1052 2028 ita
1082 1972 1186 2028 densos
1216 1972 1337 2047 offigunt
1352 1980 1387 2034 10

274 2076 485 2151 implicantque
496 2094 604 2146 ramos,
626 2085 658 2133 ut
668 2095 762 2154 oeque,
782 2079 843 2152 quis
860 2080 989 2151 oniasque
1002 2079 1105 2151 palmae
1118 2080 1210 2151 stapes,
1233 2096 1336 2151 neque,

274 2200 343 2257 quse
372 2183 509 2257 cuiusque
535 2182 639 2257 stipitis
666 2182 765 2258 palma
793 2184 844 2253 sit,
874 2182 1017 2258 pervideri
1044 2184 1151 2256 possit3
1182 2193 1210 2241 et
1233 2181 1335 2261 [adeo]
1352 2191 1385 2247 ll

275 2288 357 2345 acuti
384 2288 515 2363 aliusque
541 2307 594 2363 per
619 2288 706 2345 alium
734 2287 855 2344 immissi
881 2288 955 2345 rami
980 2287 1075 2345 locum
1097 2290 1135 2346 ed
1155 2290 1336 2348 inserendam

277 2413 395 2451 manum
424 2413 482 2451 non
510 2394 689 2468 relinquunt,
724 2404 757 2450 ut
783 2413 877 2468 neque
906 2395 1059 2470 prehendi,
1089 2394 1166 2469 quod
1195 2397 1335 2466 trahatur,

274 2519 370 2574 neque
392 2500 485 2572 trahi,
515 2519 603 2576 quum
631 2501 705 2557 inter
732 2519 763 2557 se
791 2500 889 2558 innexi
916 2501 991 2560 rami
1012 2502 1157 2559 vinculum
1187 2501 1217 2558 in
1244 2502 1335 2561 vicem
1352 2508 1388 2564 tt

244 2673 246 2677 ¹
269 2609 432 2684 praebeant,
453 2607 558 2682 possit3
580 2616 608 2664 et
629 2608 654 2664 si
676 2605 790 2664 evulsus
811 2606 887 2665 forte
909 2617 952 2665 est
972 2627 1055 2679 unus,
1077 2627 1130 2665 nec
1144 2608 1201 2665 loci
1215 2607 1334 2665 multum

239 2687 245 2696 Ι
271 2714 378 2788 aperit,
400 2721 429 2769 et
450 2713 536 2769 alium
557 2732 697 2788 reponere
718 2713 855 2788 perfacile
878 2723 946 2778 est„
1409 2715 1430 2783 6
1481 2732 1482 2737 ’

359 2819 510 2892 Quinctius
549 2829 667 2894 postero
706 2821 769 2892 die,
812 2821 921 2877 vallum
961 2839 1056 2878 secum
1092 2820 1202 2878 ferente
1237 2822 1366 2890 militat

271 2937 307 2983 ut
339 2935 460 3000 paratus
499 2926 577 2982 omni
614 2926 678 2983 loco
717 2927 819 2984 castris
856 2927 996 3002 ponendis
1034 2936 1125 2996 esset,
1165 2946 1334 3003 progressus

272 3031 421 3088 modicum
442 3033 512 3103 iter,
543 3049 595 3088 sex
624 3031 715 3089 ferme
741 3032 830 3089 millia
860 3051 879 3090 a
900 3032 1003 3089 Pheris
1034 3051 1121 3107 quum
1151 3034 1335 3106 consedisset,

271 3137 464 3212 speculatum,
488 3139 517 3194 in
542 3155 599 3212 qua
615 3148 698 3212 parte
713 3137 871 3195 Thessaliae
886 3138 977 3194 hostis
995 3147 1070 3194 esset
1088 3139 1193 3212 quidve
1209 3143 1366 3213 pararet-⁹2

271 3244 362 3300 misit.
410 3241 496 3301 Circa
511 3243 644 3299 Larisam
660 3251 721 3300 erat
734 3263 795 3304 rex.
843 3242 956 3302 Certior
971 3244 1028 3301 iam
1047 3243 1150 3314 factus,
1170 3245 1334 3317 Romanum

272 3349 313 3404 ab
342 3349 452 3405 Thebis
480 3351 592 3406 Pheras
620 3350 761 3418 movisse,
796 3349 913 3425 defungi
949 3367 1034 3423 quam
1064 3349 1186 3424 primum
1217 3359 1245 3406 et
1273 3352 1336 3426 ipse

273 3454 432 3511 certamine
453 3455 570 3530 cupiens
591 3455 695 3512 ducere
722 3456 760 3512 ad
779 3456 891 3512 hostem
913 3455 1007 3530 pergit
1039 3464 1067 3511 et
1089 3463 1226 3529 quattuor
1247 3457 1336 3514 millia

256 3539 336 3616 ¹fere
358 3579 375 3615 a
397 3560 500 3617 Pheris
521 3562 619 3635 posuit
639 3570 743 3619 castra.
797 3562 870 3618 Inde
891 3572 1007 3636 postero
1029 3561 1076 3618 die
1099 3579 1186 3635 quum
1210 3561 1366 3638 expediti4

274 3666 412 3741 utrinque
441 3667 479 3722 ad
508 3668 691 3742 occupandos
719 3686 805 3743 super
834 3668 935 3725 urbem
953 3678 958 3706 ¹
965 3667 1090 3724 tumulos
1117 3669 1335 3746 processissent,

271 3773 340 3848 pari
363 3772 454 3830 ferme
475 3774 626 3831 intervallo
657 3776 694 3831 ab
715 3775 783 3850 iugo
791 3816 806 3871 ,1
828 3775 906 3848 quod
935 3773 1104 3848 capiendum
1136 3784 1214 3844 erat,
1248 3796 1335 3851 quum
1372 3751 1375 3757 Ι

271 3881 349 3938 inter
379 3899 410 3937 se
443 3880 589 3954 conspecti
620 3889 730 3950 essent,
770 3880 971 3950 constiterunt,
1014 3879 1129 3936 nuntios
1170 3881 1200 3937 in
1241 3885 1367 3939 castrab

272 3986 425 4056 remissos,
455 3985 521 4061 qui,
549 3986 617 4061 quid
639 3987 708 4056 sibi,
737 3987 873 4061 quoniam
895 3995 999 4060 praeter
1021 4003 1101 4059 spem
1123 3986 1214 4042 hostis
1236 4005 1335 4044 occur-

272 4083 367 4163 risset,
388 4091 552 4149 faciendum
575 4101 658 4162 esset,
680 4093 868 4163 consulerent,
890 4090 978 4166 quieti
996 4091 1186 4165 opperientes.
1225 4093 1265 4150 Et
1284 4093 1367 4151 illoti

273 4197 391 4272 quidem
427 4197 474 4253 die
506 4196 584 4252 nullo
621 4196 692 4253 inito
727 4198 882 4255 certamine
916 4198 958 4254 in'
972 4204 1066 4252 castra
1096 4197 1225 4253 revocati
1256 4206 1335 4276 sunt3

271 4309 392 4377 postero
420 4303 467 4359 die
493 4303 570 4361 circa
597 4302 714 4359 eosdem
742 4303 867 4360 tumulos
897 4312 1029 4377 equestre
1049 4301 1182 4376 proelium
1204 4300 1275 4373 fuit,
1305 4303 1335 4359 in
