3484 5025
412 500 491 564 tta
708 505 787 557 uter
802 505 860 557 xm
898 504 944 569 (a.
962 520 990 559 a.
1006 519 1032 559 s.
1048 492 1125 569 tsi.)

389 690 561 759 incolebant,
582 690 612 748 iu
633 690 806 749 deditionem
828 702 972 768 soosptes,
994 690 1034 749 ed
1052 698 1164 768 septem
1188 688 1281 747 millia
1294 690 1439 759 bominum,

388 795 419 854 in
439 814 530 853 naves
550 795 702 871 impositos
718 805 823 872 preter
837 815 919 855 orem
934 796 1050 855 Etrusci
1071 796 1160 854 meris
1175 779 1336 872 Neapolim
1357 799 1439 853 trans-

360 901 481 971 lmisit3
509 901 576 960 inde
601 902 632 959 ln
653 901 803 961 Samnium
826 901 965 971 traducti,
992 917 1121 975 agerque
1141 899 1178 956 iis
1199 900 1277 957 inter
1298 899 1440 975 populares

360 1009 476 1067 bdstus
507 1018 560 1067 est.
612 1008 818 1067 Montanorum
850 1008 990 1083 Ligurum
1026 1006 1064 1063 ab
1096 1008 1137 1064 A.
1171 1005 1330 1064 Postumio
1362 1006 1440 1063 vinee

390 1132 471 1171 ousae
490 1111 692 1187 frumentaque
713 1112 825 1182 deusta,
846 1113 939 1171 donee
959 1111 1091 1169 cladibus
1112 1111 1252 1169 omnibus
1273 1111 1343 1169 belli
1359 1113 1440 1170 eoacti

359 1220 418 1281 bin
450 1220 624 1280 deditionem
658 1227 798 1278 venerunt
826 1235 968 1293 umaque
997 1217 1189 1278 tradiderunt.
1228 1217 1365 1275 Navibus
1385 1217 1440 1274 iude

390 1326 558 1385 Postumius
589 1325 628 1382 ad
655 1325 805 1384 visendam
838 1342 920 1383 oram
947 1325 1145 1400 Ingaunorum
1175 1324 1443 1398 Intemeliorumque

359 1432 529 1506 7Ligurum
551 1431 700 1507 processit.
749 1431 924 1506 Priusquam
948 1430 979 1488 hi
999 1429 1134 1490 consules
1154 1429 1291 1487 venirent
1312 1429 1351 1485 ad
1371 1448 1441 1486 exsr-

388 1537 486 1604 titum,
509 1537 558 1611 qui
571 1537 658 1595 Pisas
677 1536 800 1595 indictus
820 1546 892 1607 erat,
913 1548 1037 1613 prae'erat
1058 1537 1097 1593 A.
1117 1536 1303 1593 Postumius.
1350 1536 1443 1618 Frater

359 1642 426 1715 8Q.
454 1642 551 1702 Fulvii
587 1645 628 1703 Μ.
657 1643 778 1701 Fulvius
806 1641 942 1703 Nobilior
979 1643 1124 1714 (secundae
1160 1641 1288 1717 legionis
1324 1642 1442 1699 tribunus

389 1748 510 1806 militum
532 1750 557 1806 is
579 1751 654 1824 erat)
676 1750 823 1808 mensibus
843 1748 904 1807 suis
926 1748 1033 1808 dimisit
1053 1748 1218 1824 legionem,
1244 1748 1311 1806 iure
1333 1748 1442 1806 iurando

389 1856 500 1913 adactis
521 1855 749 1924 centurionibus,
776 1873 815 1935 ses
836 1854 866 1912 in
886 1854 1021 1912 oerarium
1043 1852 1081 1911 ed
1102 1862 1266 1927 questores
1289 1872 1355 1912 esse
1374 1854 1441 1911 dela·

359 1962 479 2018 9turos.
533 1959 601 2017 Hoc
630 1961 678 2019 ubi
706 1961 886 2019 Placentiam
918 1958 998 2035 (nem
1026 1976 1061 2016 eo
1090 1957 1168 2017 forte
1199 1970 1264 2017 erat
1295 1960 1442 2037 proiectus)

390 2066 469 2125 Aulo
492 2065 652 2123 nuntiatum
675 2074 727 2135 est,
749 2084 814 2124 oum
837 2067 982 2142 equitibus
1003 2063 1145 2141 expeditis
1165 2075 1288 2123 secutus
1312 2067 1443 2135 dimissos,

391 2189 464 2247 quos
484 2190 582 2229 eorum
605 2170 699 2246 potuit
720 2172 845 2249 assequi,
866 2172 982 2230 reduxit
998 2170 1157 2246 castigatos
1172 2170 1279 2241 Pisas;
1303 2174 1341 2231 de
1354 2174 1442 2231 ceteris

342 2280 377 2335 10
390 2277 537 2336 consulem
563 2276 714 2334 certiorem
741 2276 819 2337 lecit.
875 2279 921 2337 Eo
949 2277 1092 2335 referente
1121 2274 1236 2335 lactum
1263 2285 1320 2336 'est
1348 2290 1443 2338 soruba

390 2384 556 2452 consultum,
595 2392 627 2439 ut
659 2384 701 2441 Μ.
732 2384 853 2441 Fulvius
896 2384 926 2441 in
957 2382 1130 2458 Hispaniam
1162 2383 1351 2459 relegaretur
1379 2388 1442 2445 ultra

389 2486 742 2564 Novem‘Csrtheginem3
763 2490 923 2567 litteraque
943 2490 970 2548 ei
991 2490 1066 2548 datae
1086 2498 1153 2546 sunt
1176 2507 1197 2546 e
1216 2493 1342 2550 consule
1362 2494 1396 2551 ed
1414 2495 1441 2552 P.

341 2595 530 2653 llManlium
560 2595 589 2652 in
617 2595 789 2670 Hispaniam
817 2596 982 2654 ulteriorem
1000 2594 1183 2656 deferende.
1245 2598 1359 2657 Milites
1385 2601 1440 2657 iussi

390 2701 427 2756 sd
448 2701 531 2776 signs
552 2701 654 2758 redire.
703 2701 874 2776 Ignominia)
904 2719 1007 2771 cause,
1036 2700 1079 2758 uti
1107 2715 1251 2760 semestre
1281 2706 1439 2780 stipendium

389 2807 418 2862 in
441 2826 505 2864 eum
527 2790 633 2863 annum
655 2817 732 2863 esset
751 2806 778 2863 ei
798 2806 920 2881 legioni,
941 2807 1100 2875 decretum3
1130 2807 1180 2880 qui
1204 2809 1291 2867 miles
1315 2813 1353 2869 ed
1374 2830 1440 2869 exer·

390 2913 475 2968 citum
503 2931 561 2969 uon
591 2912 727 2981 redisset,
755 2932 820 2970 eum
844 2912 939 2987 ipsum
961 2913 1096 2986 bonaque
1116 2913 1179 2970 eius
1203 2917 1338 2976 vendere
1358 2917 1439 2976 consul

389 3017 492 3075 iussus.

211 3133 214 3137 ’
295 3115 336 3185 42
472 3123 583 3180 Eodem
618 3142 694 3181 anno
723 3126 757 3183 L.
781 3123 946 3194 Duronius,
979 3124 1029 3199 qui
1060 3134 1168 3200 praeter
1198 3146 1279 3185 enno
1309 3131 1461 3206 superiore·

382 3232 494 3302 ficerat,
530 3249 567 3286 ex
599 3230 715 3305 Illyrico
748 3249 812 3286 cum
848 3229 946 3286 decem
979 3230 1102 3287 navibus
1136 3231 1330 3292 Brundisium
1361 3236 1437 3293 rediit

390 3336 475 3403 lude,
504 3335 641 3410 inportu
662 3336 768 3393 relictis
789 3335 927 3404 navibus,
955 3354 1042 3409 quum
1063 3336 1192 3394 venisset
1214 3339 1361 3410 Romam,
1381 3341 1440 3397 inter

390 3442 576 3514 exponendus
601 3459 656 3511 res,
682 3442 814 3516 quesibi
837 3442 981 3517 gessisset,
1003 3441 1187 3499 hauddubie
1210 3444 1242 3502 in
1263 3465 1364 3522 regem
1385 3446 1439 3519 llly-

360 3547 498 3604 2ri0rum
519 3545 657 3604 Gentium
679 3547 823 3605 latrocinii
844 3546 937 3604 omnis
959 3546 1095 3605 maritimi
1117 3566 1240 3606 oausam
1265 3555 1386 3621 avertit;
1410 3569 1439 3608 ex

389 3670 478 3726 regno
501 3652 562 3708 eius
585 3670 684 3709 omnes
705 3671 796 3710 naves
818 3671 895 3723 esse,
925 3670 989 3726 qum
1012 3653 1108 3728 superi
1137 3655 1229 3712 muris
1257 3676 1343 3716 orem
1365 3659 1440 3733 depe

390 3755 495 3829 puletse
516 3766 624 3825 essent;
645 3757 681 3814 de
695 3757 740 3814 his
754 3758 840 3815 rebus
854 3776 887 3815 so
907 3757 1019 3833 legatos
1041 3759 1162 3831 misisse,
1184 3780 1241 3820 uec
1263 3763 1440 3822 conveniendi
1478 3738 1480 3750 Α

359 3860 465 3935 dregis
493 3872 664 3935 potestatem
692 3862 809 3920 lectam.
852 3864 1001 3922 Venerunt
1022 3865 1146 3922 Romam
1177 3866 1269 3943 legati
1296 3890 1316 3926 a
1337 3870 1440 3937 Gentio,

390 3967 448 4039 qui,
476 3985 533 4041 quo
561 3978 690 4043 tempore
711 3969 837 4027 Romani
863 3970 1052 4028 conveniendi
1079 3974 1156 4047 regis
1177 3992 1286 4049 causa,
1301 3977 1439 4040 venissent,

390 4089 497 4144 aegrum
526 4070 601 4129 forte
629 4091 694 4129 eum
719 4072 749 4130 in
781 4074 887 4132 ultimis
918 4076 1047 4150 partibus
1075 4075 1165 4135 fuisse
1195 4082 1282 4157 regni
1315 4084 1439 4146 dicerent;

360 4185 487 4249 lpetere
510 4176 647 4234 Gentium
678 4180 717 4236 eb
746 4192 862 4251 senatu,
892 4201 928 4239 ue
957 4184 1105 4241 crederent
1131 4186 1264 4244 confictis
1286 4188 1439 4253 criminibus

390 4282 418 4336 in
439 4300 485 4351 se,
503 4301 567 4356 quae
589 4283 697 4342 inimici
711 4285 887 4347 detulissent.
923 4289 972 4347 Ad
995 4308 1030 4347 aa
1045 4291 1196 4349 Duronius
1219 4295 1337 4363 adiecit,
1358 4292 1439 4352 multis
