3484 5025
588 510 666 561 onor
681 509 783 561 mn
820 510 866 575 (n.
882 510 929 561 on
943 512 1017 575 eoo.)
1270 520 1285 573 7

260 690 412 749 eonsulum
427 699 644 766 praetorumque
659 701 764 753 aetum.
804 692 945 751 Consules
961 694 1045 751 binas
1059 695 1187 769 legiones
1203 697 1330 754 scribere
1396 692 1398 697 ’

260 795 339 866 iussi,
358 804 475 853 veteres
490 795 634 852 dimittere
644 797 795 854 exereitus.
843 798 982 873 Sulpicio,
997 800 1043 856 oui
1057 818 1165 857 novum
1182 819 1217 858 ao
1231 802 1329 877 magni
1342 804 1359 860 6

261 900 386 957 nominis
400 900 510 957 bellum
525 900 671 957 decretum
685 910 757 971 erat,
778 902 959 976 permistum,
982 912 1014 961 ut
1032 904 1068 960 ds
1083 906 1220 976 exercitu,
1243 925 1328 980 quem

260 1005 295 1061 P.
303 1004 404 1080 Scipio
415 1024 455 1061 ex
465 1004 571 1062 Afriea
580 1005 771 1079 deportasset,
781 1007 971 1078 voluntarios,
987 1026 1061 1082 quos
1075 1019 1182 1083 posset,
1199 1010 1328 1080 ducerem

262 1108 383 1166 invitum
397 1127 437 1165 ne
457 1128 542 1183 quem
558 1109 676 1167 militem
691 1119 818 1168 veterem
829 1111 953 1170 ducendi
967 1112 1012 1169 ius
1024 1121 1107 1169 esset
1150 1114 1328 1171 Praetoribus
1342 1117 1359 1172 7

264 1215 295 1270 L
315 1213 410 1270 Furio
432 1213 611 1289 Purpurioni
632 1223 661 1271 et
681 1214 718 1287 Q.
739 1215 868 1272 Minucio
889 1215 967 1274 Rufo
994 1217 1083 1290 quina
1107 1217 1197 1273 millia
1218 1218 1327 1274 socium

264 1318 358 1375 Latini
379 1318 507 1374 nominis
528 1319 660 1375 consulet
681 1319 792 1388 darent,
814 1320 918 1393 quibus
939 1321 1080 1395 praesidiis
1099 1322 1172 1377 alter
1189 1320 1328 1391 Galliam,

265 1422 333 1479 alter
362 1420 497 1478 Bruttios
532 1422 711 1497 provinciam
739 1423 890 1480 obtineret.
938 1425 974 1497 Q.
1006 1426 1126 1482 Fulvius
1155 1424 1236 1483 Gillo
1265 1425 1359 1501 ipseS

265 1528 354 1584 iussus
383 1545 423 1584 ex
451 1545 487 1583 eo
508 1526 650 1597 exercitu,
679 1545 763 1602 quem
794 1530 830 1588 P.
852 1529 951 1585 AEliue
979 1530 1080 1587 consul
1105 1529 1267 1598 habuisset,
1296 1538 1328 1586 ut

267 1632 384 1704 quisque
405 1631 524 1687 minime
548 1631 640 1688 multa
659 1631 802 1706 stipendia
822 1633 952 1703 heberet,
974 1634 1079 1707 legero,
1103 1634 1195 1690 donee
1217 1634 1328 1708 etipse

268 1736 389 1809 quinque
410 1735 503 1791 millia
523 1735 632 1792 sosium
656 1753 691 1792 oo
710 1737 835 1793 nominis
857 1737 953 1793 Latini
976 1735 1131 1804 effecisset3
1151 1738 1181 1793 id
1203 1736 1329 1813 praesidii

269 1838 366 1897 Sieiliae
387 1840 548 1914 provincius
568 1851 651 1899 esset.
693 1840 734 1896 M.
749 1840 869 1896 Valerio
885 1841 1011 1910 Faltoni,
1034 1842 1083 1914 qui
1105 1849 1211 1917 praetor
1231 1841 1358 1915 priore9

270 1960 336 2000 auno
359 1943 555 2019 Campaniam
576 1943 755 2018 provinciam
776 1946 933 2016 habuerat,
957 1956 1147 2020 prorogatum
1168 1946 1199 2001 in
1220 1963 1327 2000 annum

269 2047 414 2123 imperium
437 2057 490 2117 est,
511 2048 553 2105 uti
573 2058 734 2124 proprietor
754 2050 784 2106 in
800 2049 964 2107 Sardiniam
983 2051 1141 2120 traiiceret3
1163 2051 1189 2107 is
1212 2047 1330 2123 quoque
1344 2053 1379 2107 10

271 2153 298 2209 de
324 2152 472 2223 exercitu,
510 2153 560 2227 qui
594 2153 634 2209 ibi
664 2162 755 2223 esset,
790 2154 919 2228 quinque
947 2155 1036 2212 millio
1065 2157 1174 2213 soeium
1203 2154 1328 2211 nominis

271 2258 374 2327 Latini,
409 2258 461 2331 qui
489 2276 588 2314 eornm
611 2258 727 2315 minime
749 2258 839 2315 multa
860 2259 1005 2333 stipendia
1026 2261 1182 2329 haberent,
1210 2260 1327 2333 legeret.

272 2361 301 2419 Et
320 2362 456 2419 consules
479 2362 552 2418 duas
573 2363 701 2419 urbanae
721 2362 849 2435 legiones
871 2364 997 2420 seribere
1017 2365 1097 2434 iussi,
1120 2381 1198 2437 quse,
1222 2363 1247 2419 si
1269 2381 1327 2435 quo
1344 2365 1376 2419 11

271 2483 306 2522 ree
335 2475 486 2542 posceret,
514 2466 610 2523 multis
638 2467 669 2524 in
695 2467 782 2524 Italis
809 2469 949 2526 contactis
977 2469 1111 2545 gentibus
1131 2468 1235 2526 Punici
1262 2467 1330 2524 belli

270 2573 401 2629 sotietate
421 2572 525 2646 iraque
547 2571 614 2628 inde
636 2573 820 2643 tumentibus,
842 2572 1030 2633 mitterentur.
1087 2573 1147 2632 Sex
1167 2573 1328 2647 legionibus

270 2677 402 2735 Romanis
424 2695 460 2732 eo
483 2695 559 2733 anno
580 2695 669 2733 usura
693 2695 741 2734 res
761 2677 878 2752 publiea
900 2689 971 2735 erat.

346 2785 383 2839 In
404 2783 471 2857 ipso
493 2790 637 2856 apparatu
658 2781 725 2838 belli
744 2780 834 2855 legati
863 2800 882 2838 a
906 2800 975 2856 rege
1000 2783 1159 2840 Ptolemaeo
1182 2790 1329 2852 venerunt,
1400 2776 1422 2842 9

269 2886 309 2960 qui
318 2887 498 2956 nuntiarent,
513 2886 707 2942 Athenienses
723 2886 864 2942 adversus
881 2886 1049 2961 Philippum
1072 2887 1179 2961 petisse
1200 2888 1238 2943 ab
1260 2904 1329 2960 rege

220 2995 226 3062 ζ
269 2992 417 3059 ωιίῙίυως
446 2999 588 3058 ceterum,
616 2990 670 3047 etsi
693 3007 860 3047 communes
893 2989 965 3047 sooii
993 2990 1065 3060 sint,
1093 2998 1190 3046 tamen
1213 2991 1267 3046 nisi
1292 2990 1359 3046 ex2

269 3095 436 3152 auctoritate
468 3093 569 3169 populi
595 3093 721 3151 Romani
753 3112 848 3168 neque
884 3095 1007 3150 classem
1042 3113 1137 3168 neque
1171 3095 1328 3152 exercitum

268 3180 435 3258 defendendi
458 3207 509 3254 aut
528 3199 716 3274 oppugnandi
734 3197 904 3271 cuiusquam
922 3216 1012 3255 eausa
1027 3218 1125 3273 regem
1140 3200 1170 3255 in
1182 3199 1327 3258 Graeoiam

267 3300 416 3363 missurum
432 3319 512 3372 esse3
534 3302 580 3358 vel
598 3299 760 3375 quieturum
775 3320 839 3359 eum
858 3304 889 3359 iu
908 3321 1009 3378 regno,
1031 3303 1055 3363 ei
1072 3303 1181 3379 populo
1194 3303 1359 3361 Romano3

266 3411 356 3467 socios
376 3407 533 3465 defendere
553 3407 651 3476 libeat,
672 3407 719 3464 vel
733 3409 883 3465 Romanos
898 3408 1056 3481 quiescere,
1078 3407 1102 3463 si
1127 3407 1237 3475 malint,
1261 3424 1328 3481 pas·

265 3532 359 3571 surum
389 3521 478 3585 atque
506 3512 601 3586 ipsum
630 3511 752 3579 auxilia,
787 3530 852 3586 quae
877 3512 964 3569 iaeile
992 3512 1132 3568 adversus
1160 3509 1329 3585 Philippum

265 3620 335 3676 tueri
363 3619 500 3676 Athenas
528 3624 661 3690 possent,
702 3614 865 3675 missurum.
924 3615 1037 3674 Gratiae
1069 3613 1132 3687 regi
1160 3614 1197 3669 ab
1226 3616 1360 3670 senaoul

265 3733 334 3780 aotae
357 3738 604 3797 responsumque,
633 3720 721 3777 tutari
749 3721 844 3777 sooios
873 3719 982 3795 populo
1006 3721 1141 3776 Romano
1172 3717 1201 3773 in
1231 3718 1328 3774 animo

265 3844 339 3897 esee3
362 3826 388 3882 si
403 3843 463 3900 qus
478 3840 510 3882 re
527 3826 566 3881 ad
582 3824 612 3880 id
628 3824 734 3881 bellum
752 3822 826 3899 opus
841 3824 889 3894 sit,
904 3823 1079 3880 indicaturos
1098 3823 1170 3897 regi,
1191 3823 1330 3896 regnique

265 3932 324 3988 eius
348 3949 421 4006 opes
445 3931 519 3987 seire
540 3929 670 3986 subsidia
690 3929 775 3985 firma
796 3946 832 3985 eo
850 3928 948 3985 fidelia
969 3946 1029 3984 suae
1049 3928 1091 3984 rei
1112 3927 1236 4002 publices
1257 3943 1328 3982 esse.

265 4032 389 4092 Munere
418 4034 522 4092 deiude
550 4032 653 4109 legatis
681 4033 711 4090 in
737 4033 866 4107 singulos
898 4032 1017 4106 quinum
1051 4032 1170 4089 millium
1200 4029 1264 4086 aerie
1293 4033 1360 4087 exb

265 4139 535 4197 senatusconsulto
557 4139 657 4196 missa.

347 4243 445 4318 Quum
475 4242 609 4300 dilectum
639 4241 771 4299 eonsules
797 4241 938 4298 haberent
966 4246 1176 4314 pararentque,
1205 4255 1269 4311 quae
1292 4236 1330 4292 ad
