3484 5025
437 507 441 514 ·
524 509 604 560 nisa
616 510 758 560 mvn
783 509 903 573 (scm.
918 512 988 574 iso.)
1203 514 1242 571 ss

260 695 312 753 ium
331 715 395 765 ora,
416 695 456 752 ad
469 695 634 753 Eudamum
655 696 771 765 revecti,
791 698 939 773 hepterem
960 710 1086 775 captum,
1107 716 1172 772 quas
1191 697 1286 773 primo

260 819 369 859 mnu
389 801 449 860 icta
469 810 542 871 erat,
562 819 638 876 tegre
658 802 842 860 Phaselidem
866 812 1080 879 pertraxerunt.
1122 804 1286 862 IndeRho·
1303 805 1336 860 10

260 925 297 966 nn
309 912 369 965 non
390 916 451 965 tam
472 907 595 965 victoria
615 906 682 978 laeti,
703 927 790 982 quam
805 907 879 965 alius
894 908 981 966 alium
997 916 1176 976 accusantes,
1197 907 1286 982 quod,

260 1031 316 1072 tum
337 1015 489 1089 potuisset,
499 1023 567 1071 'nou
589 1014 683 1071 omnis
704 1014 855 1071 submersa
873 1022 1022 1089 autcapta
1042 1014 1142 1072 classis
1159 1014 1285 1071 hostium

260 1129 313 1190 ret,
332 1121 489 1178 redierunt.
520 1119 680 1187 Hannibal,
707 1121 781 1177 ictus
807 1140 866 1179 uno
887 1123 990 1197 proelio
1012 1122 1146 1188 adverso,
1167 1138 1204 1176 ue
1224 1130 1284 1177 tum
1303 1124 1333 1179 11

260 1224 343 1284 ddum
365 1226 537 1301 praetervehi
556 1226 678 1301 Lyciam
700 1226 836 1294 audebat,
858 1246 946 1302 quum
969 1226 1104 1302 coniungi
1128 1226 1219 1283 veteri
1239 1245 1285 1283 re·

260 1329 390 1422 'prolessi
410 1352 499 1407 quam
519 1333 643 1408 primum
665 1342 791 1405 cuperet.
831 1333 871 1390 Et
890 1352 928 1390 ne
948 1333 979 1390 id
999 1334 1026 1390 ei
1046 1333 1143 1390 facere
1163 1333 1285 1390 liberum
1303 1336 1337 1391 12

260 1446 321 1508 net,
347 1439 456 1497 Rhodii
481 1438 669 1497 Chariclitum
699 1456 765 1496 cum
796 1438 900 1513 viginti
935 1440 1058 1496 navibus
1087 1439 1221 1496 rostratis
1248 1440 1286 1495 ad

260 1545 341 1606 htsra
361 1554 391 1601 et
410 1544 555 1620 Megisten
575 1552 691 1619 portum
712 1543 859 1599 miserunt
895 1544 1068 1602 Eudamum
1089 1563 1154 1603 cum
1176 1554 1285 1619 septem
1302 1548 1338 1605 13

260 1648 351 1728 pibus
372 1651 508 1707 maximis
529 1668 567 1706 ex
593 1668 630 1705 ea
650 1648 752 1717 classe,
781 1650 828 1706 cui
855 1650 1020 1726 prefuerat,
1050 1650 1171 1710 Samum
1192 1650 1288 1707 redire

328 1774 431 1814 manos
444 1757 597 1824 iusserunt,
617 1764 659 1822 ut,
671 1765 810 1828 quantum
822 1756 951 1826 consilio,
962 1766 1101 1831 qnantum
1116 1756 1288 1813 auctoritato

260 1741 348 1958 ζμ
369 1862 556 1938 compelleret
576 1862 726 1917 Romanos
747 1860 785 1917 ad
807 1861 919 1919 Patere
941 1862 1145 1939 oppugnanda.

312 1968 452 2043 Magnam
476 1968 604 2025 letitiam
627 1966 768 2023 Romanis
788 1967 869 2041 prius
890 1968 1019 2025 victoriae
1039 1968 1165 2038 nuntius,
1186 1967 1289 2024 deinde
1341 1966 1381 2036 25

325 2081 371 2130 tus
382 2074 481 2131 attulit
501 2072 691 2131 Rhodiorum.
726 2073 767 2129 Et
787 2075 958 2148 apparebat,
979 2074 1005 2132 si
1026 2074 1149 2132 Rhodiis
1160 2091 1197 2129 ea
1218 2090 1288 2128 cura
1301 2083 1317 2137 2

298 2188 347 2254 pta
367 2177 481 2248 fuisset,
502 2194 612 2234 vacuos
625 2194 676 2235 eos
696 2179 832 2236 tutaeius
842 2180 969 2255 regionis
981 2180 1074 2237 maria
1087 2187 1288 2253 praestaturos3

301 2283 444 2359 profectio
468 2282 609 2341 Antiochi
634 2284 673 2340 ab
695 2282 846 2353 Sardibus,
873 2304 911 2343 ne
938 2285 1169 2360 opprimerentur
1200 2283 1289 2340 mari·

325 2392 422 2461 urbes,
444 2390 600 2447 abscedere
621 2389 753 2447 custodia
773 2391 865 2447 Ionia
880 2401 969 2465 atque
990 2391 1119 2449 AEolidis
1133 2390 1289 2466 prohibuit.

302 2496 445 2574 philidam
472 2514 537 2553 cum
566 2504 704 2569 quattuor
730 2498 854 2555 navibus
882 2497 966 2554 tectis
996 2497 1034 2555 ad
1065 2516 1130 2554 eam
1159 2496 1320 2566 classem,3

321 2604 405 2660 circa
431 2603 544 2660 Patara
570 2609 643 2671 erat,
669 2602 815 2664 miserunt.
863 2604 1029 2661 Antiochus
1051 2621 1110 2660 non
1131 2602 1323 2668 civitatium4

260 2694 323 2782 bilo,
346 2726 416 2784 quae
429 2709 508 2766 circa
529 2704 590 2784 [se]
612 2717 704 2778 eraut,
727 2710 918 2766 contrahebat
937 2710 1083 2785 praesidia,
1104 2709 1156 2767 sed
1167 2709 1205 2764 ad
1216 2708 1292 2765 Pru·

260 2820 297 2875 tu
319 2813 472 2890 Bithynia
490 2831 588 2888 regem
608 2812 1050 2891 legatos-miseratlitteresque,
1074 2814 1178 2890 quibus
1195 2823 1293 2871 trans·

260 2929 294 2980 h
326 2922 360 2978 in
392 2921 496 2978 ¹Asiam
517 2921 715 2976 Romanorum
737 2904 916 2994 increpabat.
950 2921 1061 2978 Venire
1082 2921 1182 2978 eosad
1196 2920 1324 2978 omnicb

260 3036 315 3099 tna
330 3025 475 3096 tollenda,
495 3035 528 3081 ut
548 3024 658 3081 nullum
678 3043 801 3099 usquam
817 3026 896 3082 orbis
907 3035 1050 3087 terrarum
1062 3027 1119 3084 uisi
1129 3029 1294 3084 Romanum

260 3135 382 3208 perium
416 3141 501 3190 esset.
553 3129 733 3204 Philippum,
764 3131 874 3188 Nabim
896 3141 1093 3206 expugnatum
1127 3149 1159 3188 se
1179 3132 1326 3189 tertiumti

260 3240 290 3301 li.
340 3239 387 3298 Ut
416 3237 538 3312 quisque
558 3237 709 3311 proximus
729 3237 767 3293 eb
789 3254 930 3311 oppresso
952 3238 999 3306 sit,
1020 3256 1073 3312 per
1096 3254 1197 3293 omnes
1217 3236 1297 3292 velut

260 3347 381 3407 uthreus
403 3343 566 3400 incendium
591 3360 791 3418 pervasurum.
825 3343 877 3399 Ab
898 3359 930 3397 se
950 3343 1073 3416 grudum
1085 3343 1117 3398 in
1128 3342 1325 3417 Bithyniam'!

260 3468 295 3525 υ,
320 3449 447 3526 quando
472 3449 618 3507 Eumenes
637 3447 668 3504 iu
689 3449 884 3506 voluntariam
906 3448 1074 3504 servitutem
1099 3447 1296 3506 concessisset

260 3575 276 3617 ι
298 3567 421 3616 motum
433 3556 570 3613 Prusiam
581 3553 682 3610 litteras
703 3553 848 3630 Scipionis
859 3554 995 3623 consulis,
1016 3554 1067 3610 sed
1092 3554 1185 3628 magis
1198 3552 1297 3610 fratris
1311 3558 1329 3614 8

260 3682 284 3723 n
307 3661 462 3731 Afficani,
489 3661 528 3717 ab
548 3658 713 3734 suspicione
733 3660 787 3717 tali
816 3667 999 3728 averterunt3
1027 3658 1080 3732 qui
1106 3668 1212 3733 praeter
1229 3676 1298 3716 con·

260 3769 415 3830 studinem
442 3774 612 3841 perpetuam
640 3764 742 3839 populi
765 3765 893 3822 Romani
923 3762 1048 3837 augendi
1083 3764 1162 3820 omni
1189 3765 1299 3821 honore

260 3893 331 3955 gum
353 3872 503 3931 sociorum
524 3871 716 3945 maiestatem,
738 3871 905 3929 domesticis
926 3870 989 3944 ipse
1010 3869 1154 3944 exemplis
1164 3871 1300 3927 Prusiam

261 4031 262 4038 ,
282 3977 518 4060 promerendam
530 3976 686 4033 amicitiam
708 3994 790 4033 suam
801 3976 952 4051 compulit.
980 3976 1112 4050 Regulos
1123 3992 1156 4031 se
1165 3983 1301 4049 acceptos
1312 3975 1330 4030 9

261 4087 380 4146 tidem
406 4084 438 4140 in
464 4083 610 4158 Hispania
644 4099 729 4156 reges
757 4081 919 4157 reliquisse
967 4080 1158 4137 Masinissam
1185 4098 1245 4136 non
1271 4079 1302 4136 in

260 4195 327 4255 trio
356 4190 449 4249 modo
475 4189 589 4246 locasse
622 4206 730 4264 regno,
763 4189 815 4244 aod
844 4188 874 4245 iu
906 4185 1064 4263 Syphacis,
1102 4203 1121 4240 a
1150 4202 1208 4258 quo
1235 4193 1303 4262 aute

261 4301 373 4380 pulsus
395 4295 508 4365 suimet,
533 4312 654 4370 regnum
675 4294 864 4369 imposuisse3
889 4302 918 4350 et
938 4309 1001 4348 esse
1022 4310 1088 4348 eum
1113 4309 1173 4347 nou
1193 4289 1303 4348 Adice
1318 4293 1353 4349 10
