3484 5025
578 529 787 582 nisam
823 532 870 596 (a
885 529 1017 596 mur.)
1243 532 1279 590 ει

245 713 251 722 ’
341 716 500 793 Philippus
522 734 610 791 quum
633 716 695 775 acie
715 716 926 776 decernendum
947 716 1059 775 videret
1085 725 1114 773 et
1134 715 1261 791 undique
1285 717 1322 774 ad
1373 710 1418 781 88

262 840 292 879 se
310 823 528 880 contrahendas
548 822 635 894 vires,
662 822 788 880 maxime
815 823 852 880 de
881 823 1003 881 Achaiae
1037 822 1164 894 urbibus,
1197 822 1323 897 regionis

262 928 298 985 ab
317 946 352 985 se
374 928 512 999 diverse,
534 939 564 985 et
585 928 678 1003 magis
704 940 801 985 tamen
828 929 865 985 de
886 928 976 1002 Argis
1004 946 1091 1002 quam
1121 927 1157 983 de
1184 925 1324 984 Corintho

263 1033 413 1103 sollicitus,
437 1034 576 1111 optimum
599 1045 680 1092 ratus
694 1034 807 1092 Nabidi
821 1052 886 1090 eam
897 1032 1183 1090 Lacedaemoniorum
1200 1042 1324 1108 tyranno
1337 1034 1354 1091 2

246 1131 337 1196 ¹uelut
348 1137 534 1197 fiduciariam
550 1140 629 1211 dare,
651 1150 683 1197 ut
703 1140 806 1197 victori
827 1138 883 1197 sibi
893 1138 1063 1209 restitueret,
1085 1138 1110 1195 si
1127 1137 1196 1211 quid
1210 1138 1325 1195 adversi

271 1244 426 1315 accidisset,
448 1244 512 1321 ipse
534 1247 662 1318 haberet,
684 1246 817 1317 Philocli,
848 1246 897 1321 qui
918 1243 1059 1303 Corintho
1081 1244 1229 1320 Argisque
1249 1264 1323 1320 pra-

271 1360 333 1421 erat,
352 1351 467 1422 scribit,
485 1361 517 1407 ut
537 1360 690 1427 tyrannum
710 1353 774 1428 ipse
795 1352 973 1410 conveniret.
1014 1349 1176 1421 Philocles,
1206 1354 1354 1425 praeter-3

225 1527 239 1540 Ι.
268 1474 348 1531 quam
378 1457 459 1532 quod
494 1457 554 1514 iam
583 1458 718 1516 veniebat
748 1476 812 1516 cum
841 1476 974 1526 munere,
1004 1456 1116 1528 adiicit,
1151 1457 1189 1513 ad
1221 1456 1325 1531 pignus

220 1571 231 1586 ‘
267 1560 365 1620 futura
392 1562 456 1638 regi
486 1581 550 1621 cum
579 1574 702 1639 tyranno
730 1564 863 1621 amicitia
888 1563 963 1621 filias
992 1580 1060 1619 suas
1081 1581 1178 1638 regem
1200 1561 1325 1619 Nabidis

237 1721 244 1730 .
268 1668 327 1726 dhis
361 1669 548 1727 matrimonio
582 1670 755 1744 coniungere
784 1670 867 1728 velle.
914 1670 1069 1745 Tyrannus
1096 1668 1189 1744 primo
1219 1675 1356 1743 negaret

235 1783 239 1788 '
272 1773 346 1831 aliter
375 1775 477 1831 urbem
505 1793 570 1831 eam
599 1792 631 1831 se
660 1784 862 1850 accept-urum,
902 1753 957 1831 nisi
985 1775 1164 1850 Argivorum
1197 1775 1326 1850 ipsorum

240 1953 242 1958 Ι
273 1880 379 1936 demeto
401 1880 557 1937 accersitus
579 1880 616 1936 ad
631 1881 770 1939 auxilium
793 1882 872 1939 urbis
894 1892 984 1952 esset3
1007 1882 1119 1952 deinde,
1140 1892 1171 1939 ut
1181 1880 1356 1956 frequentis

248 2047 250 2052 ,
276 1986 397 2043 motione
424 2004 484 2042 non
511 1990 682 2061 aspernatos
704 1987 806 2058 modo,
835 1987 887 2044 sed
908 1988 1091 2045 abominatos
1112 1986 1199 2044 etiam
1220 2004 1326 2043 nomen

280 2092 510 2165 tyranniaudivit,
531 2110 647 2150 causam
670 2112 702 2150 se
723 2093 869 2169 spoliandi
887 2112 938 2151 eos
961 2103 1077 2151 nactum
1090 2101 1181 2162 ratus,
1202 2090 1325 2161 tradere,

286 2195 323 2255 abi
347 2198 445 2269 vellet,
474 2200 574 2256 urbem
596 2200 746 2256 Philoclen
767 2200 859 2260 iussit.
915 2200 1025 2270 Nocte,
1053 2199 1162 2274 ignaris
1185 2198 1356 2267 omnibus,6

257 2337 260 2344 ·
290 2311 398 2377 acceptus
419 2304 451 2359 in
472 2305 573 2360 urbem
594 2315 638 2361 est
658 2315 812 2381 tyrannus3
843 2306 940 2381 prima
968 2304 1032 2361 luce
1063 2314 1205 2379 occupata
1228 2303 1326 2359 omnia

294 2408 414 2481 upa-'nra
432 2409 499 2466 loca
516 2420 663 2484 portaque
685 2412 798 2481 clausae,
819 2412 919 2487 paucis
940 2410 1101 2486 principum
1115 2408 1190 2465 iuter
1202 2408 1355 2484 primuml

271 2511 415 2591 ,mutum
443 2515 559 2590 elapsis.
609 2517 719 2575 Eorum
746 2519 907 2576 absentium
937 2519 1055 2592 direptae
1084 2517 1218 2587 fortunoe3
1252 2534 1326 2591 prae·

227 2662 234 2669 .
291 2617 391 2678 mbas
420 2639 522 2678 aurum
551 2632 639 2697 atque
667 2632 817 2698 argentum
847 2623 993 2695 ablatum,
1022 2623 1149 2698 pecuniae
1179 2623 1326 2698 imperatae

290 2717 402 2796 lugentes
449 2725 509 2800 Qui
538 2746 598 2783 non
626 2736 791 2786 cunctanter
813 2729 976 2800 contulere,
1005 2729 1067 2786 sine
1096 2730 1269 2787 contumelia
1298 2733 1355 2789 et8

231 2914 234 2919 ι
290 2821 439 2888 Mutuom
475 2849 630 2906 corporum
667 2834 790 2904 dimissi3
824 2853 898 2909 quos
930 2836 1061 2893 occulere
1095 2845 1145 2892 aut
1181 2837 1326 2892 retrahere

292 2929 374 3008 utquid
392 2936 520 3011 suspicio
534 2936 598 3008 fuit,
619 2938 649 2994 in
670 2940 802 2997 servilem
825 2941 941 2998 modum
963 2942 1083 2999 lacerati
1104 2952 1191 3016 atque
1212 2940 1325 3000 extorti.

293 3031 407 3100 hunone
443 3043 512 3100 inde
547 3043 691 3100 advocata
723 3046 890 3120 rogationes
917 3046 1128 3122 promulgavit,
1165 3066 1252 3104 unam
1291 3047 1356 3106 dett

293 3143 370 3205 blais
389 3149 492 3221 novis,
523 3149 643 3206 alterum
672 3151 709 3207 de
731 3170 803 3226 agro
825 3151 932 3208 viritim
954 3153 1123 3223 dividendo,
1154 3154 1226 3211 duas
1247 3152 1326 3211 faces

292 3255 506 3312 machaera
528 3253 567 3310 ad
587 3255 701 3330 plebem
722 3256 753 3312 in
775 3257 928 3331 optimates
950 3260 1171 3330 accendendam.

348 3360 511 3436 Postquam
532 3359 562 3416 in
583 3369 726 3435 potestate
746 3365 925 3439 Argivorum
948 3365 1050 3422 civitas
1071 3374 1150 3434 erat,
1172 3364 1243 3421 nihil
1264 3363 1325 3420 eius
1367 3362 1418 3442 39

290 3468 375 3523 'ttmor
391 3475 542 3542 tyrannus,
564 3487 583 3524 a
604 3486 662 3541 quo
684 3487 748 3525 eam
769 3469 914 3527 civitatem
937 3481 965 3526 et
982 3471 1012 3526 in
1027 3489 1114 3545 quam
1129 3469 1324 3527 condicionem

241 3641 246 3652 Ι
289 3573 432 3649 *cepisset
453 3572 566 3647 legatos
585 3573 717 3631 Elateam
737 3576 774 3632 ad
792 3576 955 3649 Quinctium
971 3586 1001 3634 ct
1013 3577 1055 3633 ad
1066 3577 1198 3635 Attalum
1209 3575 1326 3649 AEginae
1338 3579 1355 3636 2

241 3744 245 3753 ¹
283 3662 465 3738 &hernantem
488 3678 583 3748 mittit,
605 3678 655 3753 qui
672 3681 845 3752 nuntiarent,
867 3686 966 3758 Argos
980 3685 1010 3740 in
1024 3692 1169 3759 potestate
1182 3700 1236 3739 sua
1249 3699 1325 3752 esse;

219 3763 244 3802 '¹
281 3787 308 3834 ⁶⁰
330 3785 354 3842 si
380 3785 493 3843 veniret
523 3780 674 3858 Quinctius
704 3786 742 3842 ad
771 3786 961 3861 colloquium,
1000 3807 1057 3845 non
1092 3787 1235 3858 diffidere,
1257 3787 1326 3843 sibi

278 3892 363 3950 ⁰ninia
382 3912 448 3950 cum
470 3911 505 3949 eo
528 3903 714 3951 conventura.
762 3891 922 3963 Quinctius,
945 3903 976 3950 ut
997 3912 1031 3950 eo
1056 3911 1170 3967 quoque
1190 3894 1355 3969 praesidi03

336 3999 431 4075 'pum
460 3998 599 4067 nudaret,
628 4015 716 4071 quum
745 3998 893 4058 annuisset
920 4016 951 4055 se
981 4009 1148 4069 venturum,
1176 3999 1262 4056 mittit
1286 3999 1324 4055 ad

278 4096 412 4174 {italum
441 4115 474 4160 ut
505 4103 543 4160 ab
572 4102 684 4176 AEgine
712 4103 864 4179 Sicyonem
894 4103 950 4160 sibi
980 4114 1156 4175 occurreret3
1192 4105 1255 4179 ipse
1286 4106 1355 4164 abt
1410 4097 1413 4103 ⁴

277 4198 407 4285 Anticyra
433 4211 533 4268 decem
556 4209 822 4285 quinqueremibus,
852 4228 925 4284 quas
954 4209 989 4266 iis
1020 4210 1096 4267 forte
1123 4210 1194 4285 ipsis
1224 4210 1323 4268 diebus

276 4294 314 4366 1⁴·
334 4313 478 4387 Quinctius
518 4315 610 4374 frater
647 4316 708 4374 eius
747 4317 910 4373 adduxerat
949 4334 986 4373 ex
1024 4316 1151 4374 hibernis
1181 4315 1330 4392 Corcyrae,

307 4421 360 4464 lim·
373 4439 449 4468 enee.
463 4429 563 4478 iladvigii·
591 4428 616 4466 V.
1113 4427 1128 4472 b
