<?xml version="1.0" encoding="UTF-8"?>
<!DOCTYPE html PUBLIC "-//W3C//DTD XHTML 1.0 Transitional//EN"
    "http://www.w3.org/TR/xhtml1/DTD/xhtml1-transitional.dtd">
<html xmlns="http://www.w3.org/1999/xhtml" xml:lang="en" lang="en">
 <head>
  <title>
</title>
<meta http-equiv="Content-Type" content="text/html;charset=utf-8" />
  <meta name='ocr-system' content='tesseract 3.04.00' />
  <meta name='ocr-capabilities' content='ocr_page ocr_carea ocr_par ocr_line ocrx_word'/>
</head>
<body>
  <div class='ocr_page' id='page_1' title='image "./titiliviihistor00ussigoog_0320.png"; bbox 0 0 3484 5025; ppageno 0'>
   <div class='ocr_carea' id='block_1_1' title="bbox 478 503 1217 570">
    <p class='ocr_par' dir='ltr' id='par_1_1' title="bbox 478 503 1217 570">
     <span class='ocr_line' id='line_1_1' title="bbox 478 503 1217 570; baseline -0.007 -11"><span class='ocrx_word' id='word_1_1' title='bbox 478 513 516 570; x_wconf 84' lang='lat'><strong>32</strong></span> <span class='ocrx_word' id='word_1_2' title='bbox 729 507 807 558; x_wconf 87' lang='lat' dir='ltr'><strong>Liber</strong></span> <span class='ocrx_word' id='word_1_3' title='bbox 824 503 952 558; x_wconf 85' lang='lat' dir='ltr'>XXXVI.</span> <span class='ocrx_word' id='word_1_4' title='bbox 989 505 1035 569; x_wconf 85' lang='grc' dir='ltr'><strong>(Δ.</strong></span> <span class='ocrx_word' id='word_1_5' title='bbox 1053 519 1080 559; x_wconf 85' lang='lat' dir='ltr'><strong>u.</strong></span> <span class='ocrx_word' id='word_1_6' title='bbox 1098 519 1122 558; x_wconf 86' lang='lat' dir='ltr'><strong>e.</strong></span> <span class='ocrx_word' id='word_1_7' title='bbox 1142 505 1217 566; x_wconf 75' lang='lat'><strong>⁶08.)</strong></span> 
     </span>
    </p>
   </div>
   <div class='ocr_carea' id='block_1_2' title="bbox 328 688 1480 4033">
    <p class='ocr_par' dir='ltr' id='par_1_2' title="bbox 386 688 1474 2347">
     <span class='ocr_line' id='line_1_2' title="bbox 436 688 1466 765; baseline -0.011 -12"><span class='ocrx_word' id='word_1_8' title='bbox 436 697 557 753; x_wconf 68' lang='lat' dir='ltr'><strong>meatum</strong></span> <span class='ocrx_word' id='word_1_9' title='bbox 579 711 697 749; x_wconf 84' lang='lat' dir='ltr'><strong>causam</strong></span> <span class='ocrx_word' id='word_1_10' title='bbox 720 692 838 760; x_wconf 72' lang='lat' dir='ltr'><strong>Achaei,</strong></span> <span class='ocrx_word' id='word_1_11' title='bbox 865 691 930 748; x_wconf 86' lang='lat' dir='ltr'><strong>Elei</strong></span> <span class='ocrx_word' id='word_1_12' title='bbox 960 709 1013 765; x_wconf 88' lang='lat' dir='ltr'><strong>per</strong></span> <span class='ocrx_word' id='word_1_13' title='bbox 1033 707 1065 746; x_wconf 91' lang='lat' dir='ltr'><strong>se</strong></span> <span class='ocrx_word' id='word_1_14' title='bbox 1086 689 1143 764; x_wconf 87' lang='lat' dir='ltr'><strong>ipsi</strong></span> <span class='ocrx_word' id='word_1_15' title='bbox 1165 707 1253 763; x_wconf 85' lang='lat' dir='ltr'><strong>quam</strong></span> <span class='ocrx_word' id='word_1_16' title='bbox 1280 705 1331 763; x_wconf 87' lang='lat' dir='ltr'><strong>per</strong></span> <span class='ocrx_word' id='word_1_17' title='bbox 1349 688 1466 744; x_wconf 77' lang='lat' dir='ltr'><strong>Romanu</strong></span> 
     </span>
     <span class='ocr_line' id='line_1_3' title="bbox 406 788 1467 869; baseline -0.012 -10"><span class='ocrx_word' id='word_1_18' title='bbox 406 803 600 868; x_wconf 88' lang='lat' dir='ltr'><strong>8malueruut</strong></span> <span class='ocrx_word' id='word_1_19' title='bbox 620 799 753 856; x_wconf 87' lang='lat' dir='ltr'><strong>Achaico</strong></span> <span class='ocrx_word' id='word_1_20' title='bbox 781 797 924 853; x_wconf 77' lang='lat' dir='ltr'>contribui</span> <span class='ocrx_word' id='word_1_21' title='bbox 952 796 1082 854; x_wconf 89' lang='lat' dir='ltr'><strong>concilio.</strong></span> <span class='ocrx_word' id='word_1_22' title='bbox 1129 794 1318 869; x_wconf 79' lang='lat' dir='ltr'><strong>Epirotarum</strong></span> <span class='ocrx_word' id='word_1_23' title='bbox 1345 788 1467 865; x_wconf 65' lang='lat' dir='ltr'><strong>legauit</strong></span> 
     </span>
     <span class='ocr_line' id='line_1_4' title="bbox 435 893 1468 976; baseline -0.014 -13"><span class='ocrx_word' id='word_1_24' title='bbox 435 906 582 965; x_wconf 81' lang='lat' dir='ltr'><strong>consulem</strong></span> <span class='ocrx_word' id='word_1_25' title='bbox 609 912 764 972; x_wconf 89' lang='lat' dir='ltr'><strong>venerunt,</strong></span> <span class='ocrx_word' id='word_1_26' title='bbox 795 922 869 976; x_wconf 89' lang='lat' dir='ltr'><strong>quos</strong></span> <span class='ocrx_word' id='word_1_27' title='bbox 897 921 954 959; x_wconf 91' lang='lat' dir='ltr'><strong>non</strong></span> <span class='ocrx_word' id='word_1_28' title='bbox 983 902 1097 958; x_wconf 85' lang='lat' dir='ltr'><strong>sincera</strong></span> <span class='ocrx_word' id='word_1_29' title='bbox 1125 901 1182 958; x_wconf 86' lang='lat' dir='ltr'><strong>fide</strong></span> <span class='ocrx_word' id='word_1_30' title='bbox 1210 900 1241 956; x_wconf 91' lang='lat' dir='ltr'><strong>in</strong></span> <span class='ocrx_word' id='word_1_31' title='bbox 1263 897 1385 955; x_wconf 79' lang='lat' dir='ltr'><strong>amicitia</strong></span> <span class='ocrx_word' id='word_1_32' title='bbox 1403 893 1468 951; x_wconf 77' lang='lat' dir='ltr'><strong>iuius</strong></span> 
     </span>
     <span class='ocr_line' id='line_1_5' title="bbox 435 1001 1469 1075; baseline -0.011 -8"><span class='ocrx_word' id='word_1_33' title='bbox 435 1012 506 1067; x_wconf 90' lang='lat' dir='ltr'><strong>satis</strong></span> <span class='ocrx_word' id='word_1_34' title='bbox 538 1011 706 1075; x_wconf 87' lang='lat' dir='ltr'><strong>constabat;</strong></span> <span class='ocrx_word' id='word_1_35' title='bbox 741 1008 859 1063; x_wconf 89' lang='lat' dir='ltr'><strong>militem</strong></span> <span class='ocrx_word' id='word_1_36' title='bbox 892 1017 989 1064; x_wconf 90' lang='lat' dir='ltr'><strong>tamen</strong></span> <span class='ocrx_word' id='word_1_37' title='bbox 1022 1006 1132 1063; x_wconf 89' lang='lat' dir='ltr'><strong>nullum</strong></span> <span class='ocrx_word' id='word_1_38' title='bbox 1167 1004 1316 1062; x_wconf 77' lang='lat' dir='ltr'><strong>Antiocho</strong></span> <span class='ocrx_word' id='word_1_39' title='bbox 1348 1001 1469 1068; x_wconf 73' lang='lat' dir='ltr'><strong>dederontt</strong></span> 
     </span>
     <span class='ocr_line' id='line_1_6' title="bbox 435 1102 1473 1192; baseline -0.011 -20"><span class='ocrx_word' id='word_1_40' title='bbox 435 1116 557 1192; x_wconf 86' lang='lat' dir='ltr'><strong>pecunia</strong></span> <span class='ocrx_word' id='word_1_41' title='bbox 579 1114 686 1170; x_wconf 88' lang='lat' dir='ltr'><strong>iuvisse</strong></span> <span class='ocrx_word' id='word_1_42' title='bbox 707 1132 771 1169; x_wconf 90' lang='lat' dir='ltr'><strong>eum</strong></span> <span class='ocrx_word' id='word_1_43' title='bbox 794 1113 1051 1183; x_wconf 80' lang='lat' dir='ltr'><strong>insimulabantur3</strong></span> <span class='ocrx_word' id='word_1_44' title='bbox 1075 1113 1189 1187; x_wconf 85' lang='lat' dir='ltr'><strong>legatos</strong></span> <span class='ocrx_word' id='word_1_45' title='bbox 1212 1111 1249 1167; x_wconf 87' lang='lat' dir='ltr'><strong>ad</strong></span> <span class='ocrx_word' id='word_1_46' title='bbox 1270 1127 1367 1183; x_wconf 86' lang='lat' dir='ltr'><strong>regem</strong></span> <span class='ocrx_word' id='word_1_47' title='bbox 1386 1124 1417 1163; x_wconf 89' lang='lat' dir='ltr'><strong>ue</strong></span> <span class='ocrx_word' id='word_1_48' title='bbox 1431 1102 1473 1179; x_wconf 76' lang='lat' dir='ltr'><strong>ipa&#39;</strong></span> 
     </span>
     <span class='ocr_line' id='line_1_7' title="bbox 404 1209 1474 1295; baseline -0.01 -18"><span class='ocrx_word' id='word_1_49' title='bbox 404 1222 551 1295; x_wconf 71' lang='lat' dir='ltr'><strong>equidem</strong></span> <span class='ocrx_word' id='word_1_50' title='bbox 580 1218 692 1276; x_wconf 76' lang='lat' dir='ltr'>misisse</span> <span class='ocrx_word' id='word_1_51' title='bbox 718 1218 926 1275; x_wconf 87' lang='lat' dir='ltr'><strong>infitiabantur.</strong></span> <span class='ocrx_word' id='word_1_52' title='bbox 974 1219 1014 1275; x_wconf 87' lang='lat' dir='ltr'><strong>lis</strong></span> <span class='ocrx_word' id='word_1_53' title='bbox 1042 1218 1222 1292; x_wconf 89' lang='lat' dir='ltr'><strong>petentibus,</strong></span> <span class='ocrx_word' id='word_1_54' title='bbox 1254 1225 1287 1272; x_wconf 87' lang='lat' dir='ltr'><strong>ut</strong></span> <span class='ocrx_word' id='word_1_55' title='bbox 1317 1215 1345 1272; x_wconf 91' lang='lat' dir='ltr'><strong>in</strong></span> <span class='ocrx_word' id='word_1_56' title='bbox 1373 1209 1474 1268; x_wconf 70' lang='lat' dir='ltr'><strong>amicitis·</strong></span> 
     </span>
     <span class='ocr_line' id='line_1_8' title="bbox 435 1318 1470 1400; baseline -0.011 -18"><span class='ocrx_word' id='word_1_57' title='bbox 435 1326 558 1400; x_wconf 88' lang='lat' dir='ltr'><strong>pristinu</strong></span> <span class='ocrx_word' id='word_1_58' title='bbox 580 1344 642 1382; x_wconf 89' lang='lat' dir='ltr'><strong>esse</strong></span> <span class='ocrx_word' id='word_1_59' title='bbox 664 1324 776 1393; x_wconf 87' lang='lat' dir='ltr'><strong>liceret,</strong></span> <span class='ocrx_word' id='word_1_60' title='bbox 803 1323 954 1396; x_wconf 79' lang='lat' dir='ltr'><strong>respondit</strong></span> <span class='ocrx_word' id='word_1_61' title='bbox 981 1322 1096 1392; x_wconf 88' lang='lat' dir='ltr'><strong>consul,</strong></span> <span class='ocrx_word' id='word_1_62' title='bbox 1124 1342 1171 1393; x_wconf 89' lang='lat' dir='ltr'><strong>se,</strong></span> <span class='ocrx_word' id='word_1_63' title='bbox 1200 1332 1296 1379; x_wconf 89' lang='lat' dir='ltr'><strong>utrum</strong></span> <span class='ocrx_word' id='word_1_64' title='bbox 1318 1318 1430 1376; x_wconf 87' lang='lat' dir='ltr'><strong>hostium</strong></span> <span class='ocrx_word' id='word_1_65' title='bbox 1446 1329 1470 1371; x_wconf 76' lang='lat' dir='ltr'><strong>aa</strong></span> 
     </span>
     <span class='ocr_line' id='line_1_9' title="bbox 435 1421 1470 1506; baseline -0.01 -19"><span class='ocrx_word' id='word_1_66' title='bbox 435 1442 606 1506; x_wconf 87' lang='lat' dir='ltr'><strong>pacatorum</strong></span> <span class='ocrx_word' id='word_1_67' title='bbox 636 1446 686 1486; x_wconf 92' lang='lat' dir='ltr'><strong>eos</strong></span> <span class='ocrx_word' id='word_1_68' title='bbox 711 1446 831 1484; x_wconf 89' lang='lat' dir='ltr'><strong>numero</strong></span> <span class='ocrx_word' id='word_1_69' title='bbox 853 1429 988 1497; x_wconf 87' lang='lat' dir='ltr'><strong>haberet,</strong></span> <span class='ocrx_word' id='word_1_70' title='bbox 1014 1429 1143 1485; x_wconf 89' lang='lat' dir='ltr'><strong>nondum</strong></span> <span class='ocrx_word' id='word_1_71' title='bbox 1167 1428 1255 1497; x_wconf 87' lang='lat' dir='ltr'><strong>scire;</strong></span> <span class='ocrx_word' id='word_1_72' title='bbox 1288 1421 1470 1487; x_wconf 76' lang='lat' dir='ltr'><strong>senatumeiu</strong></span> 
     </span>
     <span class='ocr_line' id='line_1_10' title="bbox 386 1529 1469 1610; baseline -0.012 -13"><span class='ocrx_word' id='word_1_73' title='bbox 386 1536 477 1597; x_wconf 82' lang='lat' dir='ltr'><strong>toret</strong></span> <span class='ocrx_word' id='word_1_74' title='bbox 501 1536 621 1610; x_wconf 85' lang='lat' dir='ltr'><strong>iudicem</strong></span> <span class='ocrx_word' id='word_1_75' title='bbox 638 1536 723 1604; x_wconf 77' lang='lat' dir='ltr'><strong>,fore3</strong></span> <span class='ocrx_word' id='word_1_76' title='bbox 745 1535 886 1608; x_wconf 88' lang='lat' dir='ltr'><strong>integram</strong></span> <span class='ocrx_word' id='word_1_77' title='bbox 911 1552 942 1590; x_wconf 88' lang='lat' dir='ltr'><strong>se</strong></span> <span class='ocrx_word' id='word_1_78' title='bbox 964 1551 1081 1589; x_wconf 87' lang='lat' dir='ltr'><strong>oausam</strong></span> <span class='ocrx_word' id='word_1_79' title='bbox 1105 1552 1205 1590; x_wconf 91' lang='lat' dir='ltr'><strong>eorum</strong></span> <span class='ocrx_word' id='word_1_80' title='bbox 1227 1535 1352 1590; x_wconf 82' lang='lat' dir='ltr'><strong>Romam</strong></span> <span class='ocrx_word' id='word_1_81' title='bbox 1369 1529 1469 1594; x_wconf 68' lang='lat' dir='ltr'><strong>reiieetst</strong></span> 
     </span>
     <span class='ocr_line' id='line_1_11' title="bbox 435 1629 1470 1713; baseline -0.005 -18"><span class='ocrx_word' id='word_1_82' title='bbox 435 1640 561 1697; x_wconf 78' lang='lat' dir='ltr'><strong>indutias</strong></span> <span class='ocrx_word' id='word_1_83' title='bbox 584 1641 620 1696; x_wconf 87' lang='lat' dir='ltr'><strong>ud</strong></span> <span class='ocrx_word' id='word_1_84' title='bbox 642 1641 671 1697; x_wconf 93' lang='lat' dir='ltr'><strong>id</strong></span> <span class='ocrx_word' id='word_1_85' title='bbox 693 1641 803 1697; x_wconf 88' lang='lat' dir='ltr'><strong>dierum</strong></span> <span class='ocrx_word' id='word_1_86' title='bbox 826 1639 985 1712; x_wconf 81' lang='lat' dir='ltr'><strong>nonaginta</strong></span> <span class='ocrx_word' id='word_1_87' title='bbox 1006 1640 1086 1695; x_wconf 87' lang='lat' dir='ltr'><strong>dare.</strong></span> <span class='ocrx_word' id='word_1_88' title='bbox 1135 1638 1266 1713; x_wconf 68' lang='lat' dir='ltr'><strong>Epirotae</strong></span> <span class='ocrx_word' id='word_1_89' title='bbox 1282 1639 1400 1695; x_wconf 85' lang='lat' dir='ltr'><strong>Romam</strong></span> <span class='ocrx_word' id='word_1_90' title='bbox 1415 1629 1470 1690; x_wconf 63' lang='lat' dir='ltr'><strong>mffl</strong></span> 
     </span>
     <span class='ocr_line' id='line_1_12' title="bbox 386 1737 1469 1819; baseline -0.006 -18"><span class='ocrx_word' id='word_1_91' title='bbox 386 1753 417 1807; x_wconf 87' lang='lat' dir='ltr'><strong>ll</strong></span> <span class='ocrx_word' id='word_1_92' title='bbox 435 1756 565 1801; x_wconf 86' lang='lat' dir='ltr'><strong>senatum</strong></span> <span class='ocrx_word' id='word_1_93' title='bbox 603 1746 745 1802; x_wconf 86' lang='lat' dir='ltr'><strong>adierunt.</strong></span> <span class='ocrx_word' id='word_1_94' title='bbox 793 1746 834 1803; x_wconf 91' lang='lat' dir='ltr'><strong>lis</strong></span> <span class='ocrx_word' id='word_1_95' title='bbox 871 1745 978 1819; x_wconf 87' lang='lat' dir='ltr'><strong>magis,</strong></span> <span class='ocrx_word' id='word_1_96' title='bbox 1025 1763 1089 1819; x_wconf 82' lang='lat' dir='ltr'><strong>quae</strong></span> <span class='ocrx_word' id='word_1_97' title='bbox 1124 1763 1184 1800; x_wconf 92' lang='lat' dir='ltr'><strong>non</strong></span> <span class='ocrx_word' id='word_1_98' title='bbox 1220 1743 1357 1800; x_wconf 77' lang='lat' dir='ltr'><strong>fecissent</strong></span> <span class='ocrx_word' id='word_1_99' title='bbox 1376 1737 1469 1804; x_wconf 81' lang='lat' dir='ltr'><strong>hostilia,</strong></span> 
     </span>
     <span class='ocr_line' id='line_1_13' title="bbox 434 1848 1470 1927; baseline -0.004 -20"><span class='ocrx_word' id='word_1_100' title='bbox 434 1850 624 1907; x_wconf 86' lang='lat' dir='ltr'><strong>referentibus</strong></span> <span class='ocrx_word' id='word_1_101' title='bbox 660 1871 746 1926; x_wconf 88' lang='lat' dir='ltr'><strong>quam</strong></span> <span class='ocrx_word' id='word_1_102' title='bbox 779 1852 970 1927; x_wconf 84' lang='lat' dir='ltr'><strong>purgantibus</strong></span> <span class='ocrx_word' id='word_1_103' title='bbox 997 1869 1047 1920; x_wconf 91' lang='lat' dir='ltr'><strong>ea,</strong></span> <span class='ocrx_word' id='word_1_104' title='bbox 1087 1850 1123 1905; x_wconf 90' lang='lat' dir='ltr'><strong>de</strong></span> <span class='ocrx_word' id='word_1_105' title='bbox 1153 1850 1258 1923; x_wconf 90' lang='lat' dir='ltr'><strong>quibus</strong></span> <span class='ocrx_word' id='word_1_106' title='bbox 1299 1848 1470 1924; x_wconf 79' lang='lat' dir='ltr'><strong>arguebantur,</strong></span> 
     </span>
     <span class='ocr_line' id='line_1_14' title="bbox 434 1955 1471 2030; baseline -0.005 -18"><span class='ocrx_word' id='word_1_107' title='bbox 434 1974 605 2029; x_wconf 89' lang='lat' dir='ltr'><strong>responsum</strong></span> <span class='ocrx_word' id='word_1_108' title='bbox 633 1957 732 2012; x_wconf 89' lang='lat' dir='ltr'><strong>datum</strong></span> <span class='ocrx_word' id='word_1_109' title='bbox 762 1966 818 2025; x_wconf 88' lang='lat' dir='ltr'><strong>est,</strong></span> <span class='ocrx_word' id='word_1_110' title='bbox 850 1975 907 2030; x_wconf 90' lang='lat' dir='ltr'><strong>quo</strong></span> <span class='ocrx_word' id='word_1_111' title='bbox 939 1956 1053 2012; x_wconf 85' lang='lat' dir='ltr'><strong>veniam</strong></span> <span class='ocrx_word' id='word_1_112' title='bbox 1080 1955 1268 2030; x_wconf 82' lang='lat' dir='ltr'><strong>impetrasse,</strong></span> <span class='ocrx_word' id='word_1_113' title='bbox 1299 1972 1357 2010; x_wconf 92' lang='lat' dir='ltr'><strong>non</strong></span> <span class='ocrx_word' id='word_1_114' title='bbox 1381 1965 1471 2009; x_wconf 67' lang='lat' dir='ltr'><strong>ceum</strong></span> 
     </span>
     <span class='ocr_line' id='line_1_15' title="bbox 386 2055 1473 2136; baseline -0.005 -19"><span class='ocrx_word' id='word_1_115' title='bbox 386 2064 575 2135; x_wconf 77' lang='lat' dir='ltr'><strong>12probasse</strong></span> <span class='ocrx_word' id='word_1_116' title='bbox 607 2062 699 2118; x_wconf 86' lang='lat' dir='ltr'><strong>videri</strong></span> <span class='ocrx_word' id='word_1_117' title='bbox 731 2069 858 2136; x_wconf 87' lang='lat' dir='ltr'><strong>possent.</strong></span> <span class='ocrx_word' id='word_1_118' title='bbox 907 2062 946 2118; x_wconf 89' lang='lat' dir='ltr'><strong>Et</strong></span> <span class='ocrx_word' id='word_1_119' title='bbox 968 2061 1096 2136; x_wconf 90' lang='lat' dir='ltr'><strong>Philippi</strong></span> <span class='ocrx_word' id='word_1_120' title='bbox 1125 2061 1202 2135; x_wconf 87' lang='lat' dir='ltr'><strong>regis</strong></span> <span class='ocrx_word' id='word_1_121' title='bbox 1231 2060 1321 2134; x_wconf 88' lang='lat' dir='ltr'><strong>legati</strong></span> <span class='ocrx_word' id='word_1_122' title='bbox 1349 2061 1398 2115; x_wconf 93' lang='lat' dir='ltr'><strong>sub</strong></span> <span class='ocrx_word' id='word_1_123' title='bbox 1417 2055 1473 2113; x_wconf 70' lang='lat' dir='ltr'><strong>idon</strong></span> 
     </span>
     <span class='ocr_line' id='line_1_16' title="bbox 434 2157 1470 2241; baseline -0.008 -18"><span class='ocrx_word' id='word_1_124' title='bbox 434 2178 548 2241; x_wconf 87' lang='lat' dir='ltr'><strong>ternpus</strong></span> <span class='ocrx_word' id='word_1_125' title='bbox 581 2167 609 2222; x_wconf 92' lang='lat' dir='ltr'><strong>in</strong></span> <span class='ocrx_word' id='word_1_126' title='bbox 641 2177 773 2223; x_wconf 89' lang='lat' dir='ltr'><strong>senatum</strong></span> <span class='ocrx_word' id='word_1_127' title='bbox 804 2167 975 2235; x_wconf 76' lang='lat' dir='ltr'><strong>introducti,</strong></span> <span class='ocrx_word' id='word_1_128' title='bbox 1010 2167 1191 2241; x_wconf 83' lang='lat' dir='ltr'><strong>gratulantes</strong></span> <span class='ocrx_word' id='word_1_129' title='bbox 1223 2166 1259 2222; x_wconf 91' lang='lat' dir='ltr'><strong>de</strong></span> <span class='ocrx_word' id='word_1_130' title='bbox 1287 2163 1410 2220; x_wconf 83' lang='lat' dir='ltr'><strong>victoria</strong></span> <span class='ocrx_word' id='word_1_131' title='bbox 1443 2157 1470 2215; x_wconf 71' lang='lat' dir='ltr'><strong>lb</strong></span> 
     </span>
     <span class='ocr_line' id='line_1_17' title="bbox 433 2272 1474 2347; baseline -0.004 -19"><span class='ocrx_word' id='word_1_132' title='bbox 433 2273 613 2347; x_wconf 88' lang='lat' dir='ltr'><strong>petentibus,</strong></span> <span class='ocrx_word' id='word_1_133' title='bbox 643 2281 674 2328; x_wconf 91' lang='lat' dir='ltr'><strong>ut</strong></span> <span class='ocrx_word' id='word_1_134' title='bbox 695 2272 750 2328; x_wconf 89' lang='lat' dir='ltr'><strong>sibi</strong></span> <span class='ocrx_word' id='word_1_135' title='bbox 772 2273 936 2329; x_wconf 84' lang='lat' dir='ltr'><strong>sacrificare</strong></span> <span class='ocrx_word' id='word_1_136' title='bbox 958 2274 987 2329; x_wconf 92' lang='lat' dir='ltr'><strong>in</strong></span> <span class='ocrx_word' id='word_1_137' title='bbox 1010 2272 1155 2347; x_wconf 87' lang='lat' dir='ltr'><strong>Capitolio</strong></span> <span class='ocrx_word' id='word_1_138' title='bbox 1178 2273 1347 2345; x_wconf 89' lang='lat' dir='ltr'><strong>donumque</strong></span> <span class='ocrx_word' id='word_1_139' title='bbox 1370 2288 1403 2325; x_wconf 90' lang='lat' dir='ltr'><strong>ex</strong></span> <span class='ocrx_word' id='word_1_140' title='bbox 1420 2281 1474 2324; x_wconf 74' lang='lat' dir='ltr'><strong>eur</strong></span> 
     </span>
    </p>

    <p class='ocr_par' dir='ltr' id='par_1_3' title="bbox 328 2377 1477 2461">
     <span class='ocr_line' id='line_1_18' title="bbox 328 2377 1477 2461; baseline -0.005 -27"><span class='ocrx_word' id='word_1_141' title='bbox 328 2446 335 2461; x_wconf 61' lang='lat'><strong>,</strong></span> <span class='ocrx_word' id='word_1_142' title='bbox 432 2378 530 2435; x_wconf 85' lang='lat' dir='ltr'><strong>liceret</strong></span> <span class='ocrx_word' id='word_1_143' title='bbox 548 2397 655 2453; x_wconf 85' lang='lat' dir='ltr'><strong>ponere</strong></span> <span class='ocrx_word' id='word_1_144' title='bbox 668 2377 697 2433; x_wconf 91' lang='lat' dir='ltr'><strong>in</strong></span> <span class='ocrx_word' id='word_1_145' title='bbox 711 2378 771 2433; x_wconf 88' lang='lat' dir='ltr'><strong>aede</strong></span> <span class='ocrx_word' id='word_1_146' title='bbox 783 2378 863 2434; x_wconf 88' lang='lat' dir='ltr'><strong>Iovis</strong></span> <span class='ocrx_word' id='word_1_147' title='bbox 880 2378 979 2452; x_wconf 89' lang='lat' dir='ltr'><strong>optimi</strong></span> <span class='ocrx_word' id='word_1_148' title='bbox 996 2378 1125 2448; x_wconf 88' lang='lat' dir='ltr'><strong>maximi,</strong></span> <span class='ocrx_word' id='word_1_149' title='bbox 1144 2378 1317 2452; x_wconf 88' lang='lat' dir='ltr'><strong>permissum</strong></span> <span class='ocrx_word' id='word_1_150' title='bbox 1334 2378 1371 2432; x_wconf 86' lang='lat' dir='ltr'><strong>ab</strong></span> <span class='ocrx_word' id='word_1_151' title='bbox 1386 2383 1477 2431; x_wconf 71' lang='lat' dir='ltr'><strong>senatr</strong></span> 
     </span>
    </p>

    <p class='ocr_par' dir='ltr' id='par_1_4' title="bbox 385 2480 1475 2770">
     <span class='ocr_line' id='line_1_19' title="bbox 385 2480 1469 2559; baseline -0.009 -15"><span class='ocrx_word' id='word_1_152' title='bbox 385 2480 555 2545; x_wconf 89' lang='lat' dir='ltr'><strong>l3Centum</strong></span> <span class='ocrx_word' id='word_1_153' title='bbox 585 2484 682 2558; x_wconf 92' lang='lat' dir='ltr'><strong>pundo</strong></span> <span class='ocrx_word' id='word_1_154' title='bbox 711 2502 847 2541; x_wconf 84' lang='lat' dir='ltr'><strong>coronam</strong></span> <span class='ocrx_word' id='word_1_155' title='bbox 877 2504 995 2543; x_wconf 88' lang='lat' dir='ltr'><strong>auream</strong></span> <span class='ocrx_word' id='word_1_156' title='bbox 1023 2493 1190 2559; x_wconf 90' lang='lat' dir='ltr'><strong>posuerunt.</strong></span> <span class='ocrx_word' id='word_1_157' title='bbox 1239 2483 1309 2540; x_wconf 93' lang='lat' dir='ltr'><strong>Non</strong></span> <span class='ocrx_word' id='word_1_158' title='bbox 1329 2493 1469 2556; x_wconf 70' lang='lat' dir='ltr'><strong>responsu!</strong></span> 
     </span>
     <span class='ocr_line' id='line_1_20' title="bbox 433 2578 1475 2664; baseline -0.002 -20"><span class='ocrx_word' id='word_1_159' title='bbox 433 2590 524 2645; x_wconf 90' lang='lat' dir='ltr'><strong>solum</strong></span> <span class='ocrx_word' id='word_1_160' title='bbox 558 2589 680 2663; x_wconf 83' lang='lat' dir='ltr'><strong>benigne</strong></span> <span class='ocrx_word' id='word_1_161' title='bbox 711 2591 787 2663; x_wconf 88' lang='lat' dir='ltr'><strong>regis</strong></span> <span class='ocrx_word' id='word_1_162' title='bbox 819 2590 923 2664; x_wconf 85' lang='lat' dir='ltr'><strong>legatis</strong></span> <span class='ocrx_word' id='word_1_163' title='bbox 956 2601 1012 2659; x_wconf 84' lang='lat' dir='ltr'><strong>est,</strong></span> <span class='ocrx_word' id='word_1_164' title='bbox 1044 2592 1094 2647; x_wconf 90' lang='lat' dir='ltr'><strong>sed</strong></span> <span class='ocrx_word' id='word_1_165' title='bbox 1125 2590 1200 2646; x_wconf 89' lang='lat' dir='ltr'><strong>filius</strong></span> <span class='ocrx_word' id='word_1_166' title='bbox 1229 2609 1346 2663; x_wconf 90' lang='lat' dir='ltr'><strong>quoque</strong></span> <span class='ocrx_word' id='word_1_167' title='bbox 1372 2578 1475 2659; x_wconf 78' lang='lat' dir='ltr'><strong>Philipp‘·</strong></span> 
     </span>
     <span class='ocr_line' id='line_1_21' title="bbox 433 2688 1470 2770; baseline -0.002 -20"><span class='ocrx_word' id='word_1_168' title='bbox 433 2695 608 2765; x_wconf 88' lang='lat' dir='ltr'><strong>Demetrius,</strong></span> <span class='ocrx_word' id='word_1_169' title='bbox 632 2696 680 2769; x_wconf 91' lang='lat' dir='ltr'><strong>qui</strong></span> <span class='ocrx_word' id='word_1_170' title='bbox 703 2698 788 2751; x_wconf 90' lang='lat' dir='ltr'><strong>obses</strong></span> <span class='ocrx_word' id='word_1_171' title='bbox 805 2697 907 2767; x_wconf 85' lang='lat' dir='ltr'><strong>Romae</strong></span> <span class='ocrx_word' id='word_1_172' title='bbox 928 2706 999 2766; x_wconf 90' lang='lat' dir='ltr'><strong>erat,</strong></span> <span class='ocrx_word' id='word_1_173' title='bbox 1022 2697 1058 2752; x_wconf 92' lang='lat' dir='ltr'><strong>ad</strong></span> <span class='ocrx_word' id='word_1_174' title='bbox 1073 2707 1184 2770; x_wconf 89' lang='lat' dir='ltr'><strong>patrem</strong></span> <span class='ocrx_word' id='word_1_175' title='bbox 1203 2695 1382 2751; x_wconf 85' lang='lat' dir='ltr'><strong>reducendus</strong></span> <span class='ocrx_word' id='word_1_176' title='bbox 1395 2688 1470 2766; x_wconf 85' lang='lat' dir='ltr'><strong>legatit</strong></span> 
     </span>
    </p>

    <p class='ocr_par' dir='ltr' id='par_1_5' title="bbox 383 2799 1470 2974">
     <span class='ocr_line' id='line_1_22' title="bbox 383 2799 1470 2876; baseline -0.002 -22"><span class='ocrx_word' id='word_1_177' title='bbox 383 2814 419 2866; x_wconf 82' lang='lat'><strong>14</strong></span> <span class='ocrx_word' id='word_1_178' title='bbox 432 2800 517 2855; x_wconf 84' lang='lat' dir='ltr'><strong>datus</strong></span> <span class='ocrx_word' id='word_1_179' title='bbox 535 2811 586 2856; x_wconf 89' lang='lat' dir='ltr'><strong>est.</strong></span> <span class='ocrx_word' id='word_1_180' title='bbox 631 2801 753 2870; x_wconf 87' lang='lat' dir='ltr'><strong>Bellum,</strong></span> <span class='ocrx_word' id='word_1_181' title='bbox 776 2802 853 2874; x_wconf 91' lang='lat' dir='ltr'><strong>quod</strong></span> <span class='ocrx_word' id='word_1_182' title='bbox 874 2819 937 2857; x_wconf 89' lang='lat' dir='ltr'><strong>oum</strong></span> <span class='ocrx_word' id='word_1_183' title='bbox 954 2801 1101 2858; x_wconf 86' lang='lat' dir='ltr'><strong>Antiocho</strong></span> <span class='ocrx_word' id='word_1_184' title='bbox 1119 2820 1187 2876; x_wconf 86' lang='lat' dir='ltr'><strong>rege</strong></span> <span class='ocrx_word' id='word_1_185' title='bbox 1207 2801 1237 2856; x_wconf 90' lang='lat' dir='ltr'><strong>in</strong></span> <span class='ocrx_word' id='word_1_186' title='bbox 1253 2799 1370 2859; x_wconf 76' lang='lat' dir='ltr'><strong>Gracia</strong></span> <span class='ocrx_word' id='word_1_187' title='bbox 1385 2808 1470 2874; x_wconf 78' lang='lat' dir='ltr'><strong>gestun</strong></span> 
     </span>
     <span class='ocr_line' id='line_1_23' title="bbox 433 2907 1190 2974; baseline 0.004 -14"><span class='ocrx_word' id='word_1_188' title='bbox 433 2915 476 2960; x_wconf 89' lang='lat' dir='ltr'><strong>est</strong></span> <span class='ocrx_word' id='word_1_189' title='bbox 498 2925 515 2960; x_wconf 89' lang='lat' dir='ltr'><strong>a</strong></span> <span class='ocrx_word' id='word_1_190' title='bbox 539 2907 587 2961; x_wconf 88' lang='grc' dir='ltr'><strong>Μ’.</strong></span> <span class='ocrx_word' id='word_1_191' title='bbox 611 2907 706 2962; x_wconf 89' lang='lat' dir='ltr'><strong>Acilio</strong></span> <span class='ocrx_word' id='word_1_192' title='bbox 729 2907 855 2974; x_wconf 85' lang='lat' dir='ltr'><strong>consule,</strong></span> <span class='ocrx_word' id='word_1_193' title='bbox 877 2908 953 2962; x_wconf 89' lang='lat' dir='ltr'><strong>hune</strong></span> <span class='ocrx_word' id='word_1_194' title='bbox 975 2908 1059 2962; x_wconf 89' lang='lat' dir='ltr'><strong>finem</strong></span> <span class='ocrx_word' id='word_1_195' title='bbox 1081 2907 1190 2964; x_wconf 87' lang='lat' dir='ltr'><strong>habuit.</strong></span> 
     </span>
    </p>

    <p class='ocr_par' dir='ltr' id='par_1_6' title="bbox 337 3008 1473 3403">
     <span class='ocr_line' id='line_1_24' title="bbox 337 3008 1471 3086; baseline -0.001 -20"><span class='ocrx_word' id='word_1_196' title='bbox 337 3014 377 3082; x_wconf 80' lang='grc'><strong>36</strong></span> <span class='ocrx_word' id='word_1_197' title='bbox 516 3011 601 3067; x_wconf 86' lang='lat' dir='ltr'><strong>Alter</strong></span> <span class='ocrx_word' id='word_1_198' title='bbox 631 3012 732 3068; x_wconf 91' lang='lat' dir='ltr'><strong>consul</strong></span> <span class='ocrx_word' id='word_1_199' title='bbox 758 3014 794 3068; x_wconf 90' lang='lat' dir='ltr'><strong>P.</strong></span> <span class='ocrx_word' id='word_1_200' title='bbox 825 3011 976 3069; x_wconf 89' lang='lat' dir='ltr'><strong>Cornelius</strong></span> <span class='ocrx_word' id='word_1_201' title='bbox 1010 3011 1123 3086; x_wconf 82' lang='lat' dir='ltr'><strong>Scipio,</strong></span> <span class='ocrx_word' id='word_1_202' title='bbox 1157 3011 1289 3069; x_wconf 88' lang='lat' dir='ltr'><strong>Galliam</strong></span> <span class='ocrx_word' id='word_1_203' title='bbox 1322 3008 1471 3086; x_wconf 70' lang='lat' dir='ltr'><strong>provincia!</strong></span> 
     </span>
     <span class='ocr_line' id='line_1_25' title="bbox 432 3115 1472 3191; baseline 0 -21"><span class='ocrx_word' id='word_1_204' title='bbox 432 3115 559 3184; x_wconf 88' lang='lat' dir='ltr'><strong>sortitus,</strong></span> <span class='ocrx_word' id='word_1_205' title='bbox 582 3118 749 3191; x_wconf 85' lang='lat' dir='ltr'><strong>priusquam</strong></span> <span class='ocrx_word' id='word_1_206' title='bbox 774 3118 812 3173; x_wconf 91' lang='lat' dir='ltr'><strong>ad</strong></span> <span class='ocrx_word' id='word_1_207' title='bbox 834 3118 949 3186; x_wconf 84' lang='lat' dir='ltr'><strong>bellum,</strong></span> <span class='ocrx_word' id='word_1_208' title='bbox 973 3117 1052 3190; x_wconf 91' lang='lat' dir='ltr'><strong>quod</strong></span> <span class='ocrx_word' id='word_1_209' title='bbox 1073 3136 1137 3173; x_wconf 89' lang='lat' dir='ltr'><strong>cum</strong></span> <span class='ocrx_word' id='word_1_210' title='bbox 1155 3117 1237 3173; x_wconf 90' lang='lat' dir='ltr'><strong>Boiis</strong></span> <span class='ocrx_word' id='word_1_211' title='bbox 1253 3118 1407 3191; x_wconf 88' lang='lat' dir='ltr'><strong>gerendum</strong></span> <span class='ocrx_word' id='word_1_212' title='bbox 1421 3118 1472 3179; x_wconf 67' lang='lat' dir='ltr'><strong>etot,</strong></span> 
     </span>
     <span class='ocr_line' id='line_1_26' title="bbox 431 3221 1473 3298; baseline -0.003 -23"><span class='ocrx_word' id='word_1_213' title='bbox 431 3222 670 3295; x_wconf 88' lang='lat' dir='ltr'><strong>proficisceretur,</strong></span> <span class='ocrx_word' id='word_1_214' title='bbox 687 3224 846 3298; x_wconf 89' lang='lat' dir='ltr'><strong>postulavit</strong></span> <span class='ocrx_word' id='word_1_215' title='bbox 861 3225 899 3278; x_wconf 87' lang='lat' dir='ltr'><strong>ab</strong></span> <span class='ocrx_word' id='word_1_216' title='bbox 913 3233 1023 3291; x_wconf 88' lang='lat' dir='ltr'><strong>senatu,</strong></span> <span class='ocrx_word' id='word_1_217' title='bbox 1043 3232 1075 3279; x_wconf 90' lang='lat' dir='ltr'><strong>ut</strong></span> <span class='ocrx_word' id='word_1_218' title='bbox 1090 3222 1212 3297; x_wconf 88' lang='lat' dir='ltr'><strong>pecunia</strong></span> <span class='ocrx_word' id='word_1_219' title='bbox 1228 3221 1284 3278; x_wconf 89' lang='lat' dir='ltr'><strong>sibi</strong></span> <span class='ocrx_word' id='word_1_220' title='bbox 1301 3223 1473 3278; x_wconf 85' lang='lat' dir='ltr'><strong>decerneretur</strong></span> 
     </span>
     <span class='ocr_line' id='line_1_27' title="bbox 432 3327 1473 3403; baseline 0 -21"><span class='ocrx_word' id='word_1_221' title='bbox 432 3328 469 3382; x_wconf 89' lang='lat' dir='ltr'><strong>ad</strong></span> <span class='ocrx_word' id='word_1_222' title='bbox 489 3327 582 3396; x_wconf 84' lang='lat' dir='ltr'><strong>ludos,</strong></span> <span class='ocrx_word' id='word_1_223' title='bbox 601 3348 674 3401; x_wconf 91' lang='lat' dir='ltr'><strong>quos</strong></span> <span class='ocrx_word' id='word_1_224' title='bbox 694 3339 800 3403; x_wconf 91' lang='lat' dir='ltr'><strong>praetor</strong></span> <span class='ocrx_word' id='word_1_225' title='bbox 816 3329 844 3384; x_wconf 92' lang='lat' dir='ltr'><strong>in</strong></span> <span class='ocrx_word' id='word_1_226' title='bbox 858 3329 1002 3403; x_wconf 85' lang='lat' dir='ltr'><strong>Hispania</strong></span> <span class='ocrx_word' id='word_1_227' title='bbox 1020 3327 1207 3400; x_wconf 83' lang='lat' dir='ltr'><strong>interipsum</strong></span> <span class='ocrx_word' id='word_1_228' title='bbox 1224 3327 1378 3385; x_wconf 84' lang='lat' dir='ltr'><strong>discrimen</strong></span> <span class='ocrx_word' id='word_1_229' title='bbox 1395 3336 1473 3402; x_wconf 76' lang='lat' dir='ltr'><strong>pugn!</strong></span> 
     </span>
    </p>

    <p class='ocr_par' dir='ltr' id='par_1_7' title="bbox 399 3433 1480 4033">
     <span class='ocr_line' id='line_1_28' title="bbox 401 3433 1480 3507; baseline -0.002 -17"><span class='ocrx_word' id='word_1_230' title='bbox 401 3433 567 3491; x_wconf 83' lang='lat' dir='ltr'><strong>2vovisset.</strong></span> <span class='ocrx_word' id='word_1_231' title='bbox 601 3435 719 3490; x_wconf 87' lang='lat' dir='ltr'><strong>Novum</strong></span> <span class='ocrx_word' id='word_1_232' title='bbox 740 3443 827 3506; x_wconf 89' lang='lat' dir='ltr'><strong>atque</strong></span> <span class='ocrx_word' id='word_1_233' title='bbox 845 3433 974 3506; x_wconf 87' lang='lat' dir='ltr'><strong>iniquum</strong></span> <span class='ocrx_word' id='word_1_234' title='bbox 995 3434 1143 3507; x_wconf 88' lang='lat' dir='ltr'><strong>postulare</strong></span> <span class='ocrx_word' id='word_1_235' title='bbox 1160 3443 1203 3489; x_wconf 88' lang='lat' dir='ltr'><strong>est</strong></span> <span class='ocrx_word' id='word_1_236' title='bbox 1215 3433 1310 3502; x_wconf 82' lang='lat' dir='ltr'><strong>visus3</strong></span> <span class='ocrx_word' id='word_1_237' title='bbox 1331 3434 1480 3490; x_wconf 56' lang='lat' dir='ltr'><strong>censueram·</strong></span> 
     </span>
     <span class='ocr_line' id='line_1_29' title="bbox 431 3537 1473 3611; baseline 0.002 -19"><span class='ocrx_word' id='word_1_238' title='bbox 431 3557 510 3611; x_wconf 86' lang='lat' dir='ltr'><strong>ergo,</strong></span> <span class='ocrx_word' id='word_1_239' title='bbox 526 3558 599 3611; x_wconf 90' lang='lat' dir='ltr'><strong>quos</strong></span> <span class='ocrx_word' id='word_1_240' title='bbox 614 3538 698 3594; x_wconf 92' lang='lat' dir='ltr'><strong>ludos</strong></span> <span class='ocrx_word' id='word_1_241' title='bbox 710 3537 871 3595; x_wconf 90' lang='lat' dir='ltr'><strong>inconsulto</strong></span> <span class='ocrx_word' id='word_1_242' title='bbox 884 3550 985 3594; x_wconf 87' lang='lat' dir='ltr'><strong>senatu</strong></span> <span class='ocrx_word' id='word_1_243' title='bbox 1001 3558 1037 3594; x_wconf 88' lang='lat' dir='ltr'><strong>ex</strong></span> <span class='ocrx_word' id='word_1_244' title='bbox 1049 3557 1102 3594; x_wconf 88' lang='lat' dir='ltr'><strong>sua</strong></span> <span class='ocrx_word' id='word_1_245' title='bbox 1115 3538 1198 3594; x_wconf 87' lang='lat' dir='ltr'><strong>unius</strong></span> <span class='ocrx_word' id='word_1_246' title='bbox 1210 3540 1354 3595; x_wconf 88' lang='lat' dir='ltr'><strong>sententia</strong></span> <span class='ocrx_word' id='word_1_247' title='bbox 1364 3537 1473 3601; x_wconf 67' lang='lat' dir='ltr'><strong>vovisset,</strong></span> 
     </span>
     <span class='ocr_line' id='line_1_30' title="bbox 432 3643 1473 3717; baseline 0.002 -19"><span class='ocrx_word' id='word_1_248' title='bbox 432 3662 481 3699; x_wconf 90' lang='lat' dir='ltr'><strong>eos</strong></span> <span class='ocrx_word' id='word_1_249' title='bbox 511 3645 552 3699; x_wconf 90' lang='lat' dir='ltr'><strong>uti</strong></span> <span class='ocrx_word' id='word_1_250' title='bbox 579 3645 615 3699; x_wconf 91' lang='lat' dir='ltr'><strong>de</strong></span> <span class='ocrx_word' id='word_1_251' title='bbox 643 3644 800 3712; x_wconf 88' lang='lat' dir='ltr'><strong>manubiis,</strong></span> <span class='ocrx_word' id='word_1_252' title='bbox 833 3644 856 3698; x_wconf 85' lang='lat' dir='ltr'><strong>si</strong></span> <span class='ocrx_word' id='word_1_253' title='bbox 887 3662 973 3716; x_wconf 90' lang='lat' dir='ltr'><strong>quam</strong></span> <span class='ocrx_word' id='word_1_254' title='bbox 1006 3644 1157 3717; x_wconf 84' lang='lat' dir='ltr'><strong>pecuniam</strong></span> <span class='ocrx_word' id='word_1_255' title='bbox 1188 3643 1226 3698; x_wconf 91' lang='lat' dir='ltr'><strong>ad</strong></span> <span class='ocrx_word' id='word_1_256' title='bbox 1256 3645 1287 3700; x_wconf 90' lang='lat' dir='ltr'><strong>id</strong></span> <span class='ocrx_word' id='word_1_257' title='bbox 1314 3646 1473 3706; x_wconf 60' lang='lat' dir='ltr'><strong>reservasset</strong></span> 
     </span>
     <span class='ocr_line' id='line_1_31' title="bbox 429 3747 1473 3823; baseline 0.001 -20"><span class='ocrx_word' id='word_1_258' title='bbox 429 3749 476 3803; x_wconf 88' lang='lat' dir='ltr'><strong>vel</strong></span> <span class='ocrx_word' id='word_1_259' title='bbox 509 3766 562 3803; x_wconf 88' lang='lat' dir='ltr'><strong>sua</strong></span> <span class='ocrx_word' id='word_1_260' title='bbox 594 3749 655 3821; x_wconf 89' lang='lat' dir='ltr'><strong>ipse</strong></span> <span class='ocrx_word' id='word_1_261' title='bbox 687 3749 819 3822; x_wconf 87' lang='lat' dir='ltr'><strong>impensa</strong></span> <span class='ocrx_word' id='word_1_262' title='bbox 850 3747 968 3804; x_wconf 85' lang='lat' dir='ltr'><strong>faceret.</strong></span> <span class='ocrx_word' id='word_1_263' title='bbox 1016 3749 1077 3805; x_wconf 87' lang='lat' dir='ltr'><strong>Eos</strong></span> <span class='ocrx_word' id='word_1_264' title='bbox 1109 3749 1194 3804; x_wconf 89' lang='lat' dir='ltr'><strong>ludos</strong></span> <span class='ocrx_word' id='word_1_265' title='bbox 1227 3768 1282 3823; x_wconf 88' lang='lat' dir='ltr'><strong>per</strong></span> <span class='ocrx_word' id='word_1_266' title='bbox 1311 3751 1371 3807; x_wconf 89' lang='lat' dir='ltr'><strong>dies</strong></span> <span class='ocrx_word' id='word_1_267' title='bbox 1399 3749 1473 3805; x_wconf 75' lang='lat' dir='ltr'><strong>taen</strong></span> 
     </span>
     <span class='ocr_line' id='line_1_32' title="bbox 399 3851 1473 3928; baseline -0.001 -17"><span class='ocrx_word' id='word_1_268' title='bbox 399 3854 464 3911; x_wconf 84' lang='lat' dir='ltr'><strong>3P.</strong></span> <span class='ocrx_word' id='word_1_269' title='bbox 483 3851 633 3909; x_wconf 84' lang='lat' dir='ltr'><strong>Cornelius</strong></span> <span class='ocrx_word' id='word_1_270' title='bbox 654 3852 731 3913; x_wconf 85' lang='lat' dir='ltr'><strong>fecit.</strong></span> <span class='ocrx_word' id='word_1_271' title='bbox 779 3856 838 3910; x_wconf 84' lang='lat' dir='ltr'><strong>Per</strong></span> <span class='ocrx_word' id='word_1_272' title='bbox 859 3854 934 3909; x_wconf 82' lang='lat' dir='ltr'><strong>idern</strong></span> <span class='ocrx_word' id='word_1_273' title='bbox 956 3852 1017 3910; x_wconf 85' lang='lat' dir='ltr'><strong>fere</strong></span> <span class='ocrx_word' id='word_1_274' title='bbox 1039 3864 1153 3928; x_wconf 88' lang='lat' dir='ltr'><strong>tempus</strong></span> <span class='ocrx_word' id='word_1_275' title='bbox 1175 3855 1252 3911; x_wconf 86' lang='lat' dir='ltr'><strong>sedes</strong></span> <span class='ocrx_word' id='word_1_276' title='bbox 1272 3857 1373 3913; x_wconf 86' lang='lat' dir='ltr'><strong>matris</strong></span> <span class='ocrx_word' id='word_1_277' title='bbox 1387 3863 1473 3926; x_wconf 70' lang='lat' dir='ltr'><strong>magn·</strong></span> 
     </span>
     <span class='ocr_line' id='line_1_33' title="bbox 429 3958 1474 4033; baseline 0 -19"><span class='ocrx_word' id='word_1_278' title='bbox 429 3959 515 4014; x_wconf 86' lang='lat' dir='ltr'><strong>Idaeae</strong></span> <span class='ocrx_word' id='word_1_279' title='bbox 538 3958 671 4014; x_wconf 87' lang='lat' dir='ltr'><strong>dedicata</strong></span> <span class='ocrx_word' id='word_1_280' title='bbox 692 3971 751 4028; x_wconf 85' lang='lat' dir='ltr'><strong>est,</strong></span> <span class='ocrx_word' id='word_1_281' title='bbox 786 3979 874 4033; x_wconf 83' lang='lat' dir='ltr'><strong>quarn</strong></span> <span class='ocrx_word' id='word_1_282' title='bbox 900 3960 983 4015; x_wconf 87' lang='lat' dir='ltr'><strong>deam</strong></span> <span class='ocrx_word' id='word_1_283' title='bbox 1006 3960 1031 4014; x_wconf 89' lang='lat' dir='ltr'><strong>is</strong></span> <span class='ocrx_word' id='word_1_284' title='bbox 1053 3961 1088 4016; x_wconf 93' lang='lat' dir='ltr'><strong>P.</strong></span> <span class='ocrx_word' id='word_1_285' title='bbox 1112 3958 1265 4017; x_wconf 89' lang='lat' dir='ltr'><strong>Cornelius</strong></span> <span class='ocrx_word' id='word_1_286' title='bbox 1289 3962 1431 4018; x_wconf 84' lang='lat' dir='ltr'><strong>advectam</strong></span> <span class='ocrx_word' id='word_1_287' title='bbox 1447 3968 1474 4010; x_wconf 68' lang='grc' dir='ltr'><strong>οἱ</strong></span> 
     </span>
    </p>
   </div>
   <div class='ocr_carea' id='block_1_3' title="bbox 431 4052 1474 4139">
    <p class='ocr_par' dir='ltr' id='par_1_8' title="bbox 431 4052 1474 4139">
     <span class='ocr_line' id='line_1_34' title="bbox 431 4052 1474 4139; baseline 0.005 -19"><span class='ocrx_word' id='word_1_288' title='bbox 431 4065 506 4120; x_wconf 83' lang='lat' dir='ltr'><strong>Asia</strong></span> <span class='ocrx_word' id='word_1_289' title='bbox 528 4067 562 4121; x_wconf 93' lang='lat' dir='ltr'><strong>P.</strong></span> <span class='ocrx_word' id='word_1_290' title='bbox 585 4063 720 4120; x_wconf 89' lang='lat' dir='ltr'><strong>Cornelio</strong></span> <span class='ocrx_word' id='word_1_291' title='bbox 744 4065 895 4138; x_wconf 84' lang='lat' dir='ltr'><strong>Scipione,</strong></span> <span class='ocrx_word' id='word_1_292' title='bbox 924 4065 969 4121; x_wconf 88' lang='lat' dir='ltr'><strong>oui</strong></span> <span class='ocrx_word' id='word_1_293' title='bbox 998 4073 1064 4138; x_wconf 90' lang='lat' dir='ltr'><strong>post</strong></span> <span class='ocrx_word' id='word_1_294' title='bbox 1086 4062 1230 4119; x_wconf 87' lang='lat' dir='ltr'><strong>Africano</strong></span> <span class='ocrx_word' id='word_1_295' title='bbox 1253 4052 1308 4122; x_wconf 79' lang='lat' dir='ltr'><strong>fuit</strong></span> <span class='ocrx_word' id='word_1_296' title='bbox 1329 4074 1474 4139; x_wconf 64' lang='lat' dir='ltr'><strong>cognosco</strong></span> 
     </span>
    </p>
   </div>
   <div class='ocr_carea' id='block_1_4' title="bbox 398 4168 1475 4345">
    <p class='ocr_par' dir='ltr' id='par_1_9' title="bbox 398 4168 1475 4345">
     <span class='ocr_line' id='line_1_35' title="bbox 398 4168 1475 4228; baseline -0.002 -3"><span class='ocrx_word' id='word_1_297' title='bbox 398 4173 416 4226; x_wconf 84' lang='lat'>4</span> <span class='ocrx_word' id='word_1_298' title='bbox 431 4169 465 4224; x_wconf 93' lang='lat' dir='ltr'><strong>P.</strong></span> <span class='ocrx_word' id='word_1_299' title='bbox 479 4169 590 4224; x_wconf 91' lang='lat' dir='ltr'><strong>Licinio</strong></span> <span class='ocrx_word' id='word_1_300' title='bbox 610 4169 775 4225; x_wconf 90' lang='lat' dir='ltr'><strong>consulibus</strong></span> <span class='ocrx_word' id='word_1_301' title='bbox 796 4169 823 4224; x_wconf 89' lang='lat' dir='ltr'><strong>in</strong></span> <span class='ocrx_word' id='word_1_302' title='bbox 837 4169 984 4225; x_wconf 86' lang='lat' dir='ltr'><strong>Palatium</strong></span> <span class='ocrx_word' id='word_1_303' title='bbox 1003 4188 1022 4225; x_wconf 91' lang='lat' dir='ltr'><strong>a</strong></span> <span class='ocrx_word' id='word_1_304' title='bbox 1038 4169 1111 4225; x_wconf 90' lang='lat' dir='ltr'><strong>mari</strong></span> <span class='ocrx_word' id='word_1_305' title='bbox 1126 4169 1279 4228; x_wconf 85' lang='lat' dir='ltr'><strong>detulerat.</strong></span> <span class='ocrx_word' id='word_1_306' title='bbox 1317 4168 1475 4228; x_wconf 72' lang='lat' dir='ltr'><strong>Locaverot</strong></span> 
     </span>
     <span class='ocr_line' id='line_1_36' title="bbox 430 4267 1475 4345; baseline -0.004 -16"><span class='ocrx_word' id='word_1_307' title='bbox 430 4274 519 4329; x_wconf 85' lang='lat' dir='ltr'><strong>aedem</strong></span> <span class='ocrx_word' id='word_1_308' title='bbox 542 4272 705 4330; x_wconf 78' lang='lat' dir='ltr'><strong>faciendam</strong></span> <span class='ocrx_word' id='word_1_309' title='bbox 732 4293 769 4331; x_wconf 87' lang='lat' dir='ltr'><strong>ex</strong></span> <span class='ocrx_word' id='word_1_310' title='bbox 791 4284 908 4331; x_wconf 86' lang='lat' dir='ltr'><strong>senatus</strong></span> <span class='ocrx_word' id='word_1_311' title='bbox 930 4274 1061 4330; x_wconf 86' lang='lat' dir='ltr'><strong>consulto</strong></span> <span class='ocrx_word' id='word_1_312' title='bbox 1087 4275 1130 4331; x_wconf 87' lang='lat' dir='ltr'><strong>M.</strong></span> <span class='ocrx_word' id='word_1_313' title='bbox 1154 4274 1273 4345; x_wconf 89' lang='lat' dir='ltr'><strong>Livius,</strong></span> <span class='ocrx_word' id='word_1_314' title='bbox 1303 4273 1337 4334; x_wconf 85' lang='lat' dir='ltr'><strong>C.</strong></span> <span class='ocrx_word' id='word_1_315' title='bbox 1360 4267 1475 4332; x_wconf 72' lang='lat' dir='ltr'><strong>Clauum</strong></span> 
     </span>
    </p>
   </div>
   <div class='ocr_carea' id='block_1_5' title="bbox 298 4362 382 4458">
    <p class='ocr_par' dir='ltr' id='par_1_10' title="bbox 298 4362 382 4458">
     <span class='ocr_line' id='line_1_37' title="bbox 298 4362 382 4458; baseline -0.012 0"><span class='ocrx_word' id='word_1_316' title='bbox 298 4362 382 4458; x_wconf 64' lang='grc' dir='ltr'><strong>ι.</strong></span> 
     </span>
    </p>
   </div>
   <div class='ocr_carea' id='block_1_6' title="bbox 0 0 1759 5025">
    <p class='ocr_par' dir='ltr' id='par_1_11' title="bbox 0 0 1759 5025">
     <span class='ocr_line' id='line_1_38' title="bbox 0 0 1759 5025; baseline 0 0"><span class='ocrx_word' id='word_1_317' title='bbox 0 0 1759 5025; x_wconf 95' lang='lat' dir='ltr'><strong> </strong></span> 
     </span>
    </p>
   </div>
  </div>
 </body>
</html>
