3484 5025
605 504 682 553 Liber
698 501 813 554 XXXII.
850 502 898 565 (A.
913 501 959 553 (lh.
974 502 1044 563 tas.)
1280 508 1318 560 tlh

289 687 417 763 Philippi
446 685 601 744 maritimae
632 696 693 742 tum
722 686 808 742 urbes
838 685 868 741 in
900 695 1011 741 terrore
1044 704 1078 742 ac
1105 684 1228 742 tumultu
1262 695 1360 754 erant;
1456 734 1458 744 .

292 792 505 849 mediterranea
529 791 604 848 adeo
626 801 689 848 tuta
711 792 748 848 ab
764 792 852 848 armis
864 789 1004 847 Romanis
1016 788 1140 859 suerum,
1164 799 1196 846 nt
1207 790 1359 865 Philippus

292 898 408 956 Molos
430 897 628 971 nequicquam
656 914 740 969 opem
765 897 966 953 Romanorum
988 894 1176 969 implorantes
1200 894 1359 968 depopula-

292 1011 381 1071 retur3
411 1021 490 1059 nune
517 1011 613 1059 autem
642 999 768 1057 defuncti
797 1000 874 1058 bello
902 1000 1013 1058 Punico
1035 1000 1176 1068 Romani,
1209 998 1287 1072 quod
1308 1018 1361 1074 per
1378 1000 1411 1055 18

295 1107 415 1168 ameum
451 1126 545 1164 anuos
581 1106 660 1163 velut
699 1106 775 1162 iutra
805 1106 918 1162 viscera
939 1105 1033 1162 Italiae
1062 1105 1272 1171 toleraverunt,
1301 1123 1358 1159 non

296 1212 455 1288 praesidium
477 1211 589 1269 AEtolis
617 1210 790 1268 bellantibus
818 1211 971 1277 miseruut,
1004 1210 1055 1265 sed
1086 1211 1141 1285 ipsi
1175 1210 1262 1266 duces
1292 1208 1359 1266 belli

299 1335 374 1374 arma
393 1325 474 1374 terra
495 1315 628 1389 marique
647 1315 733 1372 simul
754 1315 936 1372 Macedoniae
956 1314 1121 1374 intulerunt.
1170 1314 1287 1371 Tertius
1300 1313 1358 1369 iam
1376 1316 1410 1369 ta

300 1422 392 1479 consul
412 1440 528 1479 summa
549 1420 579 1476 vi
605 1419 682 1494 gerit
706 1420 823 1478 bellum.
855 1419 1001 1495 Sulpicius
1030 1422 1059 1477 in
1092 1421 1158 1495 ipsa
1185 1417 1359 1475 Macedonia

301 1543 463 1601 mugressus
495 1524 570 1583 fudit
603 1524 774 1599 fugavitque
805 1543 921 1599 regem,
963 1536 1075 1599 partem
1111 1525 1357 1598 opulentissimam

302 1631 373 1706 regni
400 1631 464 1688 eius
493 1630 695 1705 depopulatus.
760 1630 848 1687 Nune
878 1629 1028 1702 Quinctius
1057 1638 1198 1685 tenentem
1232 1630 1359 1686 claustra
1373 1632 1409 1686 20

303 1736 383 1810 Epiri,
404 1745 510 1793 natura
531 1735 597 1803 loci,
617 1734 810 1803 munimentis,
834 1734 962 1791 exercitu
985 1732 1109 1803 fretum„
1133 1735 1236 1791 castris
1265 1735 1359 1803 exuit3

304 1838 448 1915 lugientem
469 1840 500 1897 in
521 1839 707 1897 Thessaliam
727 1849 907 1914 persecutus,
941 1838 1077 1913 praesidia
1104 1839 1186 1913 regia
1207 1838 1359 1912 sociasque

306 1944 379 2005 urbas
403 1945 464 2002 eius
485 1964 578 2019 prope
604 1945 633 2001 in
662 1954 819 2019 conspectu
851 1944 928 2019 regis
959 1944 1049 2019 ipsius
1076 1944 1265 2019 expugnavit.
1312 1945 1359 2000 Ne
1374 1950 1406 2002 21

307 2048 354 2106 aiut
379 2069 459 2121 vera,
481 2068 546 2123 quae
566 2050 754 2107 Atheniensis
778 2050 865 2107 modo
887 2050 1001 2124 legatus
1023 2049 1059 2105 de
1081 2049 1265 2117 crudelitate,
1287 2068 1358 2105 ava·

308 2154 369 2225 rim,
391 2156 510 2214 libidine
531 2155 608 2229 regis
629 2155 781 2224 disseruit3
810 2153 883 2211 nihil
905 2154 941 2210 ad
964 2172 1017 2210 nos
1039 2154 1211 2228 pertineant,
1244 2173 1308 2228 quae
1329 2155 1358 2209 in

309 2268 371 2318 tuta
389 2262 490 2319 Attica
511 2260 622 2317 scelera
646 2261 675 2316 iu
701 2277 823 2335 superos
846 2259 1013 2331 inferosque
1037 2258 1107 2314 deos
1134 2270 1200 2315 suut
1223 2260 1359 2328 admissa,

311 2365 383 2422 tulto
404 2366 508 2435 minus,
526 2384 591 2440 quaa
612 2364 696 2423 Ciani
718 2365 924 2440 Abydenique,
947 2364 996 2438 qui
1017 2362 1120 2438 procul
1141 2365 1178 2419 ab
1200 2363 1284 2420 nohis
1307 2366 1358 2420 ab·
1372 2368 1409 2421 22

312 2481 370 2541 tunt,
390 2471 468 2546 passi
485 2479 754 2540 sunt;·nostrorum
777 2469 834 2545 ipsi
854 2469 1016 2539 vulnerum,
1038 2469 1063 2525 si
1085 2467 1181 2538 vultis,
1204 2468 1357 2525 oblivisca-

312 2591 375 2644 mur3
396 2577 488 2632 coedes
517 2576 753 2652 direptionesque
774 2575 917 2631 bonorum
940 2577 1082 2631 Messenae
1103 2575 1131 2630 in
1155 2574 1249 2630 media
1272 2575 1357 2631 Pelo·
1372 2580 1408 2634 23

312 2697 421 2752 musmo
442 2679 552 2750 factas,
581 2692 609 2737 et
630 2680 775 2755 hospitem
805 2678 981 2755 Cyparissiae
1002 2679 1169 2737 Charitelen
1192 2680 1358 2735 contraius
1385 2686 1387 2695 ’

279 2776 281 2781 ’
312 2800 380 2843 omne
409 2803 443 2843 ac
464 2784 512 2842 fas
533 2787 608 2843 iuter
636 2785 738 2862 epulas
769 2803 862 2859 prope
891 2785 970 2859 ipsas
997 2786 1139 2854 necisum,
1173 2793 1201 2841 et
1233 2790 1357 2842 Aratum

313 2901 404 2962 patrem
436 2891 587 2965 filiumque
620 2891 786 2967 Sicyonios,
819 2908 908 2964 quum
947 2909 1044 2947 senem
1077 2890 1218 2949 infelicem
1252 2909 1358 2965 paren-

283 3066 285 3073 Ι
313 3002 357 3051 tam
385 2997 470 3054 etiam
506 2997 654 3072 appellare
686 2995 788 3052 solitus
822 3005 913 3064 esset,
947 2994 1129 3064 interfectos3
1178 2997 1228 3053 filii
1267 2993 1357 3072 [eius]
1373 3002 1409 3057 24

314 3115 411 3158 uxorem
443 3101 572 3158 libidinis
605 3121 696 3160 causa
729 3102 758 3157 in
792 3100 998 3156 Macedoniam
1033 3113 1229 3174 asportatam3
1263 3112 1359 3158 cetera

315 3211 394 3280 snpra
413 3196 558 3281 virginum
582 3217 840 3278 matronarumque
864 3205 1005 3261 oblivioni
1026 3206 1144 3276 dentur;
1173 3227 1210 3264 ne
1233 3208 1271 3264 ait
1293 3225 1357 3262 eum
1372 3215 1409 3268 25

314 3305 429 3387 Philippo
450 3330 507 3380 res,
529 3312 610 3369 cuius
633 3311 810 3368 crudelitatis
829 3321 907 3367 metu
932 3311 1115 3369 obmutuistis
1148 3331 1248 3370 omnes
1277 3311 1356 3387 (nam

315 3427 364 3486 qua
380 3417 437 3474 alia
457 3418 574 3475 tacendi
595 3417 745 3474 advocatis
759 3415 789 3472 in
804 3415 957 3472 concilium
980 3435 1070 3473 eausa
1091 3416 1184 3494 est?);
1206 3436 1271 3474 cum
1294 3422 1357 3475 An·

315 3517 404 3592 laona,
425 3523 577 3580 mitissimo
600 3540 635 3578 ae
657 3521 815 3578 iustissimo
837 3538 907 3593 rege
929 3530 957 3577 et
979 3522 1015 3577 de
1037 3522 1121 3578 nobis
1150 3522 1283 3579 omnihus
1305 3541 1357 3597 op-

316 3621 368 3681 tima
384 3628 497 3702 merito,
520 3626 718 3683 existimemus
740 3625 979 3700 disceptationem
1000 3646 1077 3696 esse;
1106 3646 1175 3683 num
1203 3627 1233 3682 id
1257 3639 1357 3701 postu-

316 3725 485 3790 mesfacere
507 3750 570 3803 nos,
592 3731 671 3806 quod
692 3729 756 3786 fieri
776 3747 835 3785 non
856 3727 977 3803 posset?
1013 3730 1180 3788 Paeninsula
1202 3744 1246 3788 est
1271 3734 1357 3790 Pelo·
1371 3741 1409 3794 26

317 3848 448 3908 pommus,
478 3837 608 3910 angustis
638 3834 743 3892 lsthmi
763 3833 897 3890 faucibus
919 3833 1076 3890 continenti
1098 3836 1257 3908 adhaereus,
1288 3837 1357 3894 nulli

318 3941 422 4011 tptrtior
450 3961 545 4017 neque
574 3940 765 4016 opportunior
796 3958 883 4013 quam
911 3937 1010 3992 navali
1038 3937 1122 4000 bello.
1181 3943 1214 4001 Si
1243 3953 1355 3999 centum
1370 3949 1406 4004 27

319 4050 381 4104 tacte
398 4066 487 4106 naves
507 4056 538 4104 et
561 4046 773 4121 quinquaginta
793 4045 919 4102 leviores
942 4052 1050 4118 apertae
1071 4057 1099 4100 et
1129 4045 1247 4120 triginta
1276 4044 1357 4100 Issaei

320 4143 386 4208 lambi
403 4155 577 4211 maritimam
606 4169 688 4207 oram
718 4162 836 4208 vastare
869 4160 898 4208 et
930 4149 1078 4224 expositas
1106 4168 1196 4225 prope
1226 4150 1255 4206 in
1286 4148 1356 4223 ipsis

321 4248 426 4315 litoribus
446 4260 533 4316 urbes
555 4257 694 4331 coeperint
715 4275 904 4332 oppugnare,
933 4256 963 4311 in
994 4255 1219 4312 mediterraneas
1249 4255 1357 4312 scilicet

342 4363 392 4404 inim
405 4381 427 4406 rr
440 4381 477 4408 ree
492 4369 589 4417 ttatvigtt
620 4370 643 4407 V.
1141 4365 1154 4405 5
