3484 5025
426 496 484 554 118
684 494 762 546 Liber
779 493 907 548 xxxlss.
942 494 991 558 (A.
1004 509 1031 544 u.
1043 509 1064 545 o.
1077 493 1167 559 558.)

352 682 434 750 dut,
458 680 625 756 priusquam
656 687 820 738 moveretur
849 679 958 754 aliquid
987 679 1017 737 in
1046 698 1123 738 nova
1145 679 1335 756 possessione
1350 679 1414 754 regi,
1453 705 1454 758 j

382 785 552 860 praeveniret
573 785 603 841 in
622 788 801 861 AEgyptum‚
830 795 859 844 et
880 786 1042 852 Antiochus
1069 804 1153 845 suam
1183 785 1252 846 fore
1273 786 1415 862 Ερμῆ
1450 789 1454 846 l

352 890 407 949 tsi
428 900 486 947 tum
507 902 684 966 occupasset,
706 892 849 949 censebat.
889 891 994 966 Itaque
1011 891 1134 948 dimissis
1153 890 1315 962 Romanis,
1332 890 1414 950 ὼ·
1447 915 1454 952 ι

384 1014 440 1071 que
462 996 582 1055 Seleuco
603 996 662 1053 filio
683 1015 747 1053 eum
768 996 951 1054 terrestribus
971 996 1061 1073 copiis
1088 998 1126 1056 ad
1153 997 1413 1066 restituendam
1445 1019 1454 1076 u

353 1101 560 1171 binstituerat,
590 1101 823 1177 Lysimachiam,
846 1101 910 1177 ipse
930 1101 1009 1159 omni
1029 1103 1121 1161 classe
1141 1104 1272 1178 navigat
1290 1103 1413 1178 ΕΜ

383 1205 486 1280 legatis
510 1208 548 1264 ed
569 1205 733 1279 Quinctium
763 1206 871 1277 mnan,
903 1208 953 1281 qni
982 1208 1020 1264 ad
1044 1208 1130 1266 fidem
1158 1206 1348 1279 faciendam,
1370 1205 1412 1266 ὦ
1448 1211 1454 1270 l

384 1322 555 1370 novaturum
584 1332 698 1389 regem,
729 1314 765 1370 de
790 1313 929 1370 societate
954 1323 1081 1388 agerent.
1127 1313 1223 1373 Oram
1244 1314 1331 1374 Asine
1347 1313 1412 1390 lq·
1449 1318 1454 1375 l

383 1418 514 1494 pervenit
542 1419 571 1475 in
599 1418 734 1493 Lyciam;
762 1418 936 1494 Patarisque
964 1421 1093 1495 cognito,
1118 1421 1223 1480 vivere
1243 1421 1413 1488 Ptolem
1445 1423 1453 1482 l

383 1523 539 1598 navigandi
584 1524 698 1598 quidem
736 1524 766 1579 in
809 1525 972 1601 AEgyptum
1015 1525 1151 1582 omissum
1192 1526 1350 1584 consilinm
1443 1530 1453 1589 l

353 1631 371 1685 6
384 1625 511 1703 Cyprum
526 1629 614 1686 nihilo
634 1629 727 1686 minus
739 1638 848 1704 petens,
865 1649 952 1705 quum
964 1628 1199 1690 Chelidoniarum
1212 1630 1412 1707 promunturi:

384 1746 556 1809 superasset,
570 1736 716 1811 paulisper
728 1735 868 1793 seditione
883 1736 1023 1810 remigum
1035 1744 1079 1792 est
1088 1747 1219 1795 retentus
1230 1738 1262 1794 in
1272 1733 1411 1813 Pamprh
1447 1753 1454 1796 t

355 1839 462 1897 icirce
479 1841 723 1917 Eurymedontem
745 1859 868 1899 amnem.
912 1839 986 1898 Inde
1006 1838 1166 1915 profectum
1190 1861 1260 1902 eum
1284 1844 1325 1901 sd
1444 1845 1454 1903 l

386 1964 450 2019 quae
476 1957 596 2016 vocant,
628 1946 695 2006 Sari
714 1947 838 2005 fluminis
858 1946 938 2004 foeda
958 1955 1114 2022 tempestas
1135 1947 1243 2006 adorta
1264 1969 1358 2026 prope
1444 1950 1454 2009 i

386 2052 464 2109 omni
493 2052 585 2110 classe
613 2053 756 2111 demersit.
815 2052 916 2109 Multae
944 2052 1058 2123 fractae,
1088 2054 1185 2110 multa
1216 2055 1320 2114 eiectas

354 2158 481 2215 8multae
499 2159 541 2215 ita
561 2160 671 2216 haustae
692 2159 779 2228 mari,
808 2169 839 2215 ut
859 2177 945 2216 nemo
965 2160 996 2215 in
1017 2168 1123 2216 terram
1145 2160 1290 2217 enaverit.
1338 2160 1412 2236 ling!
1450 2179 1454 2219 ι

385 2263 429 2320 vis
467 2264 614 2321 hominum
652 2264 692 2321 ibi
727 2264 850 2335 interiit,
886 2283 944 2322 non
975 2265 1114 2341 remigum
1144 2266 1235 2324 modo
1268 2266 1415 2340 militum!
1451 2289 1454 2324 ι

353 2371 490 2446 dignatae
511 2371 609 2439 turber,
631 2371 682 2427 sed
703 2371 789 2427 etiam
810 2370 964 2445 insignium
986 2371 1063 2445 regis
1084 2370 1255 2428 amicorum.
1314 2367 1415 2432 culed

385 2477 512 2553 reliquiis
534 2470 694 2552 naufragii,'
725 2495 812 2551 quum
840 2494 888 2534 res
915 2494 973 2534 non
999 2476 1030 2533 in
1052 2494 1087 2533 eo
1116 2485 1230 2547 essent,
1261 2488 1298 2536 ut
1322 2478 1414 2559 (ἔμ’

385 2593 519 2654 tentaret,
538 2583 631 2639 minus
649 2583 785 2658 opulento
796 2582 919 2657 agmine,
938 2601 1023 2657 quam
1036 2584 1269 2658 profectuum,
1287 2585 1413 2647 Seleuci!
1450 2618 1454 2645 t

385 2689 477 2748 rediit.
524 2689 570 2745 Ibi
589 2686 709 2744 subduci
728 2687 852 2744 navibus
866 2687 952 2745 iussis
971 2688 1041 2764 (iam
1057 2690 1131 2746 enim
1149 2699 1176 2746 et
1196 2691 1295 2749 hiems
1311 2693 1356 2751 ins
1450 2713 1454 2751 t

386 2795 448 2871 ipse
476 2795 506 2852 in
533 2795 653 2851 hiberna
675 2793 860 2851 Antiochiam
889 2795 1038 2853 concessit
1085 2796 1121 2855 In
1151 2798 1208 2854 hoc
1237 2807 1322 2857 statu
1350 2810 1416 2875 rep

388 2910 471 2958 mant
491 2918 546 2960 res.

292 2999 337 3069 42
469 3008 619 3064 Romaeeo
635 3005 758 3080 primum
773 3023 851 3061 anno
869 3005 1011 3063 triumviri
1026 3005 1162 3081 epulones
1180 3005 1252 3066 facti
1271 3008 1310 3068 C.
1326 3006 1419 3069 Licini
1452 3030 1454 3066 ι

388 3113 525 3170 Lucullus
546 3113 675 3168 tribunus
696 3110 806 3186 plebis,
829 3111 879 3184 qui
899 3111 992 3186 legem
1014 3110 1050 3167 de
1071 3112 1201 3168 creandis
1224 3114 1261 3170 iis
1285 3114 1420 3185 tulerstd

388 3220 424 3278 P.
435 3218 561 3276 Manlius
573 3229 601 3275 et
611 3219 647 3278 P.
659 3217 781 3275 Porcius
794 3217 892 3286 Laecs3
908 3216 943 3272 iis
955 3216 1120 3288 triumviris,
1132 3218 1199 3274 item
1213 3230 1247 3276 ut
1255 3220 1422 3297 pontificia

358 3322 452 3401 llege
481 3325 581 3382 datum
609 3332 652 3381 est
679 3333 755 3399 togae
783 3331 929 3397 praetextae
958 3323 1097 3380 hebendae
1128 3324 1180 3384 ius.
1230 3325 1294 3386 Sed
1316 3338 1423 3403 magn

389 3441 533 3489 certamen
555 3449 620 3486 cnm
641 3429 772 3487 omnibus
793 3429 991 3485 sacerdotibus
1012 3448 1047 3486 eo
1069 3449 1145 3486 suno
1170 3430 1227 3488 fuit
1259 3432 1426 3507 quaestoriis

359 3537 516 3608 (turberis,
537 3536 574 3609 Q.
588 3534 681 3592 Fabio
700 3534 831 3592 Labeoni
852 3543 880 3590 et
902 3534 936 3591 L.
952 3535 1082 3592 Aurelio.
1128 3536 1262 3595 Pecunia
1283 3558 1364 3616 opus
1381 3544 1429 3603 ssd.

391 3643 469 3718 quod
498 3642 626 3699 ultimam
655 3640 820 3715 pensionem
850 3640 978 3714 pecunie
1006 3639 1036 3696 in
1058 3640 1160 3697 bellum
1186 3641 1308 3702 collatae
1328 3636 1431 3722 pannii

323 3759 326 3765 ·
359 3750 538 3824 4placuarat
569 3746 706 3822 priuatim
747 3754 903 3820 quaestores
940 3745 977 3801 ab
1009 3745 1165 3820 auguribus
1196 3751 1433 3827 pontiflmbnsqn

391 3855 468 3930 quod
495 3852 665 3928 stipendium
687 3871 740 3926 per
761 3851 865 3908 bellum
887 3870 946 3908 non
967 3851 1167 3922 contulissent,
1194 3856 1354 3926 petebant.
1402 3852 1436 3915 tl

391 3959 588 4019 sacerdotibus
614 3957 720 4015 tribuni
745 3957 837 4033 plebis
866 3958 1056 4032 nequicquam
1080 3958 1235 4034 appellati,
1267 3964 1439 4038 omninum

360 4068 548 4134 bannorum,
567 4083 620 4140 per
641 4082 714 4138 quos
734 4083 793 4120 non
814 4048 961 4133 dederant,
982 4073 1114 4121 exactum
1136 4072 1187 4123 est.
1238 4065 1364 4129 Eodem
1382 4082 1454 4131 sn.

392 4172 451 4229 duo
487 4169 593 4227 mortui
630 4170 795 4245 pontifices,
831 4170 957 4244 nouique
988 4169 1019 4227 in
1055 4188 1153 4227 eorum
1191 4168 1296 4232 looum
1337 4171 1445 4243 suffodi,

392 4277 435 4336 M.
466 4275 622 4335 Marcellus
650 4276 807 4335 consalin
833 4275 929 4334 locum
950 4273 994 4336 ·O.
1023 4274 1186 4351 Sempronii
1212 4277 1382 4357 Tuditani,
1408 4277 1447 4359 φ’

378 4442 475 4462 ³—-
