3484 5025
656 500 659 505 ’
738 532 816 581 nno
833 531 975 581 xxxvu.
1012 532 1057 595 (A.
1078 547 1105 583 u.
1124 548 1147 583 ο.
1168 531 1241 595 ses.)

452 716 608 782 sententia,
646 726 678 771 nt
705 716 860 771 absurdum
890 734 953 771 esse
982 716 1105 785 diceret,
1137 717 1271 791 ignorare
1296 732 1388 789 regen,
1412 710 1451 784 quil
1481 729 1491 765 a

452 840 571 895 sperans
594 831 644 876 ant
666 831 766 895 petens
788 824 912 891 venerit;
938 840 1001 894 quae
1024 822 1246 878 accommodato
1265 838 1346 895 regno
1362 836 1401 874 suo
1415 817 1451 884 rint,
1483 835 1496 887 ρ’

451 926 545 999 ipsum
564 926 671 1000 optime
690 926 776 995 scire3
799 928 902 983 Asiam
925 928 1011 1001 longe
1034 927 1135 982 melius
1158 945 1244 999 quam
1266 934 1378 983 senatum
1394 938 1452 990 notro
1483 924 1496 975 i:

450 1032 646 1087 revocandum
669 1031 756 1104 igitur
780 1041 808 1087 et
830 1033 1006 1106 cogendum,
1039 1050 1103 1106 quae
1129 1031 1218 1087 vellet
1244 1049 1355 1105 quaeque
1376 1027 1452 1094 sentiret
1481 1029 1496 1080 j„

451 1155 633 1210 expromere.
680 1136 827 1192 Reductus
858 1156 877 1191 a
905 1145 1028 1211 praetore
1055 1137 1084 1192 in
1115 1137 1252 1211 ternplum
1282 1155 1330 1192 rex
1356 1143 1378 1191 et
1400 1132 1452 1187 dicen
1478 1134 1485 1185 ὲ

450 1242 545 1298 iussus
572 1244 848 1309 „Perseverassem“
871 1242 965 1315 inquit
989 1251 1119 1312 „tacere,
1147 1254 1245 1315 patres
1267 1238 1409 1313 conscripti,
1424 1233 1452 1291 niti

450 1347 630 1403 Rhodiorum
664 1346 836 1419 legationem
871 1366 940 1403 mox
972 1355 1128 1402 vocaturos
1163 1364 1216 1401 vos
1248 1346 1358 1412 scirem,
1386 1338 1452 1399 etllt
1478 1342 1496 1397 ’π

420 1451 557 1511 2auslitis
596 1452 666 1507 mihi
701 1452 900 1507 necessitatem
934 1450 997 1507 lore
1029 1451 1153 1507 dicendi.
1216 1450 1286 1523 Quae
1325 1449 1412 1523 quiden
1433 1450 1492 1501 or

451 1557 595 1613 difficilior
622 1551 715 1612 oratio
740 1557 807 1626 erit,
839 1557 917 1630 quod
950 1576 985 1611 ea
1016 1556 1163 1630 postulata
1189 1574 1287 1611 eorum
1314 1554 1395 1610 futura
1413 1557 1452 1617 tul
1483 1594 1491 1626 ,

451 1674 560 1718 utnon
583 1662 675 1717 solum
699 1661 778 1728 nihil,
802 1662 879 1735 quod
902 1670 1003 1716 contra
1025 1682 1070 1718 me
1092 1662 1138 1731 sit,
1161 1662 1212 1717 sed
1234 1680 1271 1717 no
1293 1655 1452 1735 quodadiput
1475 1673 1496 1725 e.

420 1764 436 1819 3
451 1765 565 1840 quidem
578 1766 694 1841 proprie
706 1766 857 1839 pertineat,
877 1776 974 1840 petere
986 1767 1146 1825 videantur.
1196 1769 1295 1841 Agent
1310 1764 1374 1820 enim
1386 1757 1452 1817 carol
1475 1761 1478 1768 '

449 1871 608 1926 civitatium
638 1870 806 1928 Graecarum
848 1880 876 1926 et
911 1871 1028 1927 liberari
1063 1889 1113 1926 eas
1144 1872 1240 1927 dicent
1268 1871 1371 1927 debere.
1418 1862 1480 1937 Qn

450 1976 620 2050 impetrate,
646 1976 692 2031 cui
712 1977 830 2032 dubium
854 1985 913 2045 est,
944 1976 1011 2049 quIn
1035 1986 1063 2031 et
1085 1995 1103 2031 a
1124 1977 1209 2031 nobis
1232 1975 1356 2032 aversuri
1373 1972 1452 2028 sintin
1484 1974 1496 2026 Ξι

450 2100 500 2137 eas
540 2081 626 2136 modo
662 2082 808 2151 civitates,
849 2100 913 2154 quae
949 2081 1182 2149 liberabuntur„
1206 2082 1255 2137 sed
1289 2081 1366 2137 etiam
1392 2083 1420 2133 ret
1472 2076 1496 2130 ln

419 2186 654 2262 lstipendiarias
670 2196 794 2253 nostras,
817 2186 871 2259 ipsi
895 2196 990 2240 autern
1014 2194 1095 2240 tanto
1112 2186 1258 2257 obligatos
1277 2186 1417 2242 beneficior
1472 2199 1494 2250 ,πε

449 2293 559 2360 socios,
590 2310 621 2347 re
650 2310 720 2346 vera
749 2292 894 2346 subiectos
924 2290 1045 2363 imperio
1077 2301 1105 2346 et
1128 2292 1273 2347 obnoxios
1294 2282 1443 2347 habiturititl
1472 2287 1496 2353 fel

420 2397 436 2451 5
450 2398 498 2466 Et,
512 2397 535 2451 si
549 2397 592 2451 dis
605 2396 710 2469 placet,
726 2416 812 2469 quum
826 2398 878 2451 bas
892 2405 989 2450 tantas
1013 2415 1083 2470 opes
1097 2394 1286 2466 affectabunt,
1301 2391 1417 2452 dissimula

449 2504 509 2559 ulla
525 2514 607 2578 parte
624 2502 652 2558 id
670 2504 706 2557 ad
723 2522 754 2558 se
771 2502 925 2577 pertinere3
948 2488 1001 2557 vos
1022 2501 1109 2557 modo
1129 2502 1157 2557 id
1177 2502 1279 2558 decere
1299 2513 1325 2558 et
1343 2492 1451 2557 convenior
1472 2497 1496 2550 ἐπ’

420 2610 436 2663 6
450 2628 513 2664 esse
529 2621 595 2663 ante
610 2607 694 2664 factis
711 2608 813 2664 dicent.
845 2608 917 2662 Haec
932 2626 984 2662 vos
1002 2627 1037 2662 ne
1049 2608 1174 2680 decipiat
1186 2609 1291 2676 oratio,
1310 2605 1416 2682 providet
1471 2618 1496 2668 pr.

450 2715 534 2769 vobis
557 2715 620 2782 erit,
641 2732 714 2768 nere
736 2731 793 2766 non
816 2713 909 2766 solum
932 2712 1111 2785 inaequaliter
1127 2713 1199 2767 alios
1216 2714 1332 2768 nimium
1348 2696 1445 2784 deprint'

450 2838 485 2872 ex
510 2819 595 2873 sociis
617 2818 729 2884 vestriS,
753 2816 825 2871 alios
847 2831 951 2892 praeter
975 2819 1090 2872 modum
1114 2819 1272 2888 extollatis,
1297 2815 1451 2874 sederimus
1472 2809 1481 2862 '-

450 2923 498 2995 qui
522 2924 661 2977 adversus
689 2923 743 2977 vbs
766 2942 848 2977 arma
870 2923 1000 2991 tulerint,
1033 2923 1062 2977 in
1094 2924 1213 2980 meliore
1244 2934 1319 2980 statu
1344 2922 1451 2988 sintque

420 3028 520 3082 'leocii
549 3038 577 3083 et
606 3028 691 3083 antici
719 3028 814 3084 vestri.
864 3027 951 3099 Quod
983 3028 1019 3083 od
1050 3049 1095 3084 me
1126 3030 1243 3098 attinet,
1282 3030 1310 3084 in
1339 3017 1435 3083 aliisreb
1473 3038 1486 3073 ³⁴.

450 3134 569 3188 cessisse
603 3134 678 3188 iutra
710 3134 794 3187 finem
828 3132 899 3187 iuris
933 3135 988 3188 rnei
1021 3133 1137 3188 cuilibet
1170 3134 1262 3189 videri
1299 3132 1383 3190 malim
1407 3130 1452 3196 qut*
1473 3126 1496 3180 l!

449 3239 533 3294 nimis
563 3238 747 3313 pertinaciter
779 3239 808 3292 in
841 3237 997 3292 obtinendo
1031 3258 1064 3293 eo
1099 3239 1269 3308 tetendisse3
1302 3240 1328 3294 in
1357 3223 1453 3293 certauit
1474 3232 1496 3285 δι’

450 3358 546 3400 autem
570 3344 702 3399 amicitire
726 3353 845 3409 vestrae,
880 3343 1086 3399 benevolentiae
1116 3363 1186 3416 erga
1208 3363 1277 3413 vos,
1304 3340 1412 3404 honoris,
1429 3321 1454 3401 ll
1474 3354 1493 3391 τε

419 3447 573 3503 Sarabis
597 3447 758 3514 habebitur,
784 3448 900 3503 minime
924 3467 1007 3520 aequo
1031 3449 1126 3504 animo
1159 3450 1235 3506 vinci
1259 3469 1375 3525 possum.
1408 3439 1454 3496 ΗιΙα
1476 3465 1496 3512 222‘

449 3572 503 3626 ego
527 3554 682 3607 maximam
706 3554 894 3608 hereditatem
918 3573 935 3607 a
951 3564 1033 3626 patre
1054 3544 1162 3627 accepi,
1180 3546 1236 3628 'qui
1259 3556 1362 3631 primus
1380 3541 1453 3606 emnil!
1476 3567 1496 3604 t:

449 3659 552 3714 Asiam
582 3657 785 3730 Graeciamque
818 3658 1000 3714 incolentium
1041 3660 1070 3714 in
1099 3660 1257 3715 amicitiam
1288 3661 1360 3716 venit
1381 3656 1455 3710 vestu

449 3741 571 3834 eamque
601 3775 741 3837 perpetua
769 3773 797 3818 et
825 3764 967 3818 constanti
995 3765 1052 3820 tide
1081 3766 1117 3820 ad
1146 3778 1308 3821 extremum
1334 3764 1391 3820 vite
1409 3755 1455 3810 filen
1478 3779 1494 3832 ζ.

418 3867 598 3940 9perdrrxit3
631 3887 683 3922 nec
716 3868 868 3923 dumtaxat
890 3870 1016 3924 animum
1051 3870 1080 3926 in
1114 3890 1166 3926 vos
1200 3872 1313 3927 fidelem
1344 3886 1373 3923 ao
1394 3865 1454 3919 bonno
1479 3894 1496 3925 ,,;

448 3972 589 4047 praestitit,
612 3974 663 4028 sed
685 3974 818 4027 omnibus
842 3974 970 4030 interfuit
992 3976 1083 4042 bellis,
1109 3994 1173 4048 quae
1195 3976 1224 4030 in
1241 3975 1351 4033 Graecia
1370 3958 1454 4046 gurim
1479 3993 1496 4035 r.

448 4079 639 4145 terrestribus
662 4079 829 4145 navalibus3
852 4081 930 4135 omni
952 4099 1057 4154 genere
1078 4093 1303 4151 commeatuum,
1325 4081 1361 4135 ita
1375 4074 1454 4132 utneut
1480 4100 1492 4132 :e

447 4183 591 4238 sociorum
621 4191 783 4238 vestrorum
814 4184 873 4239 ulla
902 4196 985 4258 parte
1014 4186 1268 4261 aequariyposset,
1304 4203 1352 4242 vos
1380 4166 1455 4236 adlsslli
1480 4207 1496 4241 ε

399 4290 433 4343 10
446 4297 603 4360 postremo,
626 4307 713 4360 quum
737 4289 856 4344 Boeotos
879 4291 916 4345 ad
939 4290 1106 4346 societatem
1130 4300 1258 4348 vestram
1281 4269 1454 4347 hortareuul
1480 4294 1496 4346 ἐξ

298 4408 371 4458 h..
