3484 5025
483 518 538 573 122
629 552 637 561 ,
689 515 693 526 ·
731 512 809 563 nise
827 512 981 564 xxxvni.
999 512 1200 574 (sesses.)

337 709 345 758 t
407 700 527 760 3visus.
576 698 643 773 Quo
664 717 752 774 quum
775 696 878 754 consul
906 697 944 754 ad
971 708 1085 772 tempus
1108 716 1173 755 eum
1197 699 1335 773 presidio
1356 700 1478 776 quingen·

438 816 532 863 torum
555 805 684 879 equitum
705 804 847 873 venisset,
868 821 921 860 nec
942 802 1001 859 ullo
1013 802 1167 861 Gallorum
1189 805 1231 861 ibi
1253 804 1328 875 viso,
1347 824 1477 881 regressus

406 912 465 970 lin
490 922 586 968 cestre
608 920 692 979 esset,
714 920 845 966 oratores
869 909 957 967 iidem
979 910 1115 978 redeunt,
1145 922 1334 983 excusantes,
1359 914 1477 989 religione

349 1036 352 1044 ·
437 1018 551 1075 obiecta
576 1016 676 1073 venire
704 1033 788 1089 reges
818 1034 876 1071 non
905 1033 1005 1089 posse;
1037 1016 1182 1092 principes
1201 1017 1316 1093 gentis,
1346 1036 1398 1092 per
1422 1033 1477 1090 quos

406 1127 518 1198 5oeque
538 1142 585 1180 res
606 1121 728 1198 transigi
750 1132 863 1196 posset,
886 1131 1034 1182 venturos.
1072 1120 1194 1180 ‚Consul
1216 1141 1249 1181 se
1272 1140 1390 1199 quoque
1410 1126 1478 1179 Atta·

435 1229 495 1286 lum
523 1229 675 1286 missurum
704 1227 787 1285 dixit.
839 1227 890 1285 Ad
918 1228 974 1284 hoc
1003 1227 1179 1301 colloquium
1213 1228 1349 1304 utrinque
1380 1240 1477 1286 ventum
1505 1301 1507 1310 Ι

436 1347 489 1393 est.
538 1336 698 1392 Trecentos
720 1334 830 1409 equites
851 1334 971 1392 Attalus
993 1332 1118 1408 praesidii
1144 1351 1234 1391 causa
1265 1353 1355 1409 quum
1384 1331 1507 1393 addus-'l

405 1443 519 1511 (iisset,
547 1442 662 1498 iactatae
695 1450 767 1500 sunt¹
791 1440 872 1515 pecis
913 1439 1111 1508 condicionem
1144 1439 1210 1496 finis
1236 1441 1282 1498 rei
1303 1440 1374 1516 qnia
1394 1442 1477 1498 choen·

435 1549 512 1605 tibus
533 1547 653 1604 ducibus
675 1543 785 1619 imponi
806 1563 863 1601 non
887 1555 1010 1620 poterat,
1032 1545 1183 1616 convenit,
1209 1546 1254 1603 uti
1275 1547 1378 1604 consul
1396 1564 1475 1621 reges·
1505 1537 1507 1544 ¹

404 1656 492 1728 'lque
513 1673 548 1711 eo
571 1654 636 1710 loco
658 1660 775 1726 postero
798 1651 844 1708 die
865 1652 1116 1726 congrederentur.
1147 1650 1316 1710 Frustretio
1341 1652 1475 1723 Gullorun

434 1778 469 1816 eo
499 1759 663 1833 spectabat,
692 1756 816 1832 primurn
853 1769 885 1813 ut
914 1767 1038 1813 tererent
1066 1768 1195 1831 tempus,
1224 1757 1321 1815 donec
1347 1778 1393 1815 res
1415 1775 1475 1824 susq

434 1865 538 1939 quibus
565 1863 719 1939 periclitari
747 1863 901 1933 nolebant,
931 1881 996 1919 cum
1027 1862 1197 1937 coniugibus
1225 1872 1256 1919 et
1287 1862 1386 1922 liberis
1413 1875 1474 1920 trent

435 1970 533 2046 Halyn
552 1971 668 2038 ¹flumen
694 1970 875 2037 traiicerent‚
908 1967 1012 2025 deinde
1040 1967 1118 2042 quod
1146 1967 1202 2043 ipsi
1229 1953 1361 2037 consuli,
1392 1988 1472 2046 paron

404 2071 520 2134 8cauto
543 2077 683 2133 adversus
704 2074 840 2149 colloquii
861 2072 1004 2142 fraudem,
1023 2063 1244 2132 insidiabantur.
1268 2076 1352 2134 Mille
1372 2077 1407 2133 ad
1425 2092 1472 2132 esu

433 2202 494 2240 rem
517 2202 553 2240 ex
576 2183 654 2239 omni
676 2200 796 2239 numero
819 2179 949 2237 audacie
970 2191 1096 2255 expertae
1118 2179 1288 2257 delegerunt
1313 2182 1472 2256 equites3st

434 2288 620 2346 successisset
641 2287 751 2356 fraudi,
785 2287 814 2343 ni
837 2305 890 2361 pro
912 2286 1140 2361 iungentium,
1171 2288 1255 2344 cuius
1276 2288 1403 2345 violandi
1420 2301 1469 2342 oon'·

403 2390 526 2452 9silium
550 2394 650 2451 initum
674 2404 745 2462 erat,
767 2392 894 2450 stetisset
911 2392 1037 2451 fortune.
1071 2393 1267 2451 Pabulatores
1281 2394 1468 2469 lignatoresque

432 2501 558 2561 Romani
579 2500 608 2557 iu
631 2519 696 2558 eam
721 2511 842 2574 partem,
863 2499 893 2557 iu
915 2519 973 2573 que
988 2499 1163 2575 colloquium
1178 2498 1311 2559 futurum
1326 2517 1395 2572 erut,
1414 2495 1466 2556 duci

432 2618 508 2674 sunt,
530 2607 619 2664 tutius
640 2607 670 2663 id
693 2606 821 2663 futurum
844 2606 966 2663 tribunis
987 2607 1068 2676 ratis,
1091 2607 1160 2682 qnia
1181 2608 1310 2666 consulis
1333 2607 1465 2684 presidius
1494 2658 1507 2670 ,

383 2714 419 2768 10
433 2726 462 2769 01
483 2714 577 2788 ipsum
606 2731 661 2788 pro
688 2711 813 2768 statione
841 2712 969 2768 habituri
992 2724 1075 2769 erent
1094 2713 1171 2769 hosti
1199 2717 1383 2788 oppositum
1408 2728 1464 2770 sust

431 2830 528 2875 tamen
551 2819 672 2874 alteram
695 2818 848 2875 stationem
882 2818 1002 2893 propius
1023 2829 1120 2876 castra
1140 2831 1346 2879 sexcentorum
1368 2820 1464 2896 equitus

322 2919 324 2923 ’
382 2925 413 2979 11
431 2934 597 3000 posuerunt.
646 2923 764 2992 Consul,
786 2922 952 2980 affirmante
963 2924 1075 2995 Attalo,
1097 2936 1236 2983 venturos
1258 2946 1344 3003 reges
1362 2940 1389 2984 et
1399 2939 1463 2984 tran

430 3030 470 3104 igi
491 3048 551 3086 rern
575 3048 677 3104 posse,
706 3028 854 3105 profectus
877 3029 1033 3099 constris,
1061 3048 1150 3103 quum
1172 3032 1294 3105 eodem,
1318 3053 1376 3109 quo
1396 3043 1463 3097 entes,
1494 3022 1504 3029 ’

332 3125 337 3144 “
430 3136 564 3211 praesidio
572 3137 698 3210 equitum
708 3136 834 3210 quinque
846 3133 1003 3191 milliafere
1011 3135 1200 3209 processisset
1209 3139 1463 3195 necmulturnacot·

430 3242 529 3298 stitnto
551 3242 616 3299 loco
636 3243 758 3311 obesset,
778 3253 897 3316 repente
913 3241 1064 3298 concitatis
1085 3241 1166 3316 equis
1187 3261 1254 3300 curn
1274 3245 1382 3320 impetu
1397 3237 1468 3301 hostl·
1496 3266 1507 3284 ··

380 3345 416 3402 12
431 3347 509 3403 videt
520 3347 624 3404 Gallos
632 3348 788 3406 venientes.
819 3345 976 3404 Constituit
987 3365 1091 3421 agmen
1102 3359 1139 3417 et,
1151 3351 1290 3424 expedire
1301 3351 1360 3408 tela
1371 3351 1463 3408 amnes

430 3471 487 3527 que
504 3452 648 3525 equitibus
664 3452 757 3521 iussis,
773 3454 865 3527 primo
884 3462 1050 3510 constanter
1066 3454 1178 3511 initium
1192 3473 1300 3530 pugnae
1319 3459 1464 3533 accepitne
1503 3488 1507 3495 ·

429 3559 527 3625 cessit3
546 3559 621 3626 dein,
633 3576 720 3632 quum
733 3570 930 3633 praegrevaret
938 3560 1099 3629 multitudo,
1111 3561 1213 3620 cedere
1225 3563 1333 3620 sensim
1345 3565 1411 3620 nihil
1421 3576 1464 3618 co*
1504 3594 1507 3601 ·

379 3664 415 3720 13
427 3664 499 3721 fusis
507 3675 667 3727 turmarum
679 3664 826 3721 ordinibus
836 3665 937 3740 coepit;
954 3676 1110 3740 postremo,
1126 3685 1214 3741 quum
1226 3668 1286 3724 iam
1299 3669 1364 3744 plns
1375 3671 1402 3726 in
1412 3680 1464 3725 non

427 3770 546 3845 periculi
555 3790 641 3844 quem
650 3771 679 3826 in
689 3771 1049 3829 ordinibuscouservandis
1057 3771 1181 3845 praesidii
1189 3785 1274 3842 esset,
1283 3794 1405 3851 omnesp
1442 3773 1448 3785 ’

427 3875 456 3931 in
483 3875 583 3949 fugem
614 3876 696 3934 effusi
724 3888 799 3933 sunt.
847 3879 925 3935 Tum
954 3897 1023 3935 vero
1046 3877 1155 3934 instare
1181 3879 1331 3955 dissipatis
1362 3880 1432 3942 Gelli

428 3981 551 4048 endere3
573 4000 737 4057 magnaque
750 4000 819 4058 pars
841 4001 982 4058 oppresse
1002 3982 1093 4052 foret,
1122 3985 1151 4041 ni
1178 3986 1267 4042 statio
1291 3989 1399 4062 pabula

380 4085 415 4139 14
428 4087 557 4144 sexcenti
580 4089 691 4163 equites
713 4089 914 4146 occurrissent.
961 4089 1003 4159 li,
1032 4090 1134 4164 procul
1155 4090 1285 4148 clamore
1307 4095 1414 4170 pavido

364 4211 367 4223 ·
428 4212 491 4250 rum
525 4194 640 4263 audito,
668 4212 755 4268 quum
783 4195 842 4251 tela
876 4213 1026 4270 equosque
1054 4196 1254 4272 expedissem,
1292 4199 1398 4276 integri

379 4301 414 4354 15
427 4299 557 4373 fligatum
582 4318 711 4376 pugnam
735 4313 917 4377 acceperunt.
965 4303 1076 4377 Itaque¹
1097 4320 1184 4360 versa
1205 4307 1356 4382 extemplo
1380 4306 1410 4365 10
