3484 5025
491 500 549 560 tta
726 495 976 550 mserxxxvm.
1000 493 1092 562 (nu.
1110 513 1135 550 ο.
1154 495 1229 562 ser.)
1390 455 1450 532 ι’

414 683 540 761 dprima
558 683 621 740 luce
640 669 840 742 consederunt.
889 679 1002 740 Citatus
1018 701 1086 741 reus
1097 701 1209 759 magno
1222 682 1338 759 agmine
1351 683 1471 740 amicos-ea
1506 701 1513 738 r

447 788 650 864 clientiumque
667 808 719 866 per
737 789 860 848 mediam
873 788 1034 847 contionem
1054 790 1093 848 ad
1109 799 1210 847 rostra
1225 788 1323 858 subiit,
1340 787 1474 864 silentioque
1507 809 1516 844 r

417 894 535 966 lfacto,
560 895 663 965 „Hoc“
686 893 779 970 inquit
802 893 877 964 ,dia
898 892 1004 950 tribuni
1026 893 1119 968 plebis
1140 913 1264 971 vosque,
1287 893 1475 968 Quintoque

447 1001 613 1060 Hannibale
634 1010 662 1057 et
676 995 963 1076 Carthaginiensibus
984 999 1074 1075 signis
1095 1001 1211 1059 collatis
1226 1001 1256 1058 in
1273 998 1375 1059 Africa
1387 1000 1477 1056 benett

414 1106 568 1166 dieliciter
588 1105 724 1185 pugnavi.
770 1107 874 1181 ltaque
899 1125 986 1181 quum
1008 1106 1096 1166 hodie
1116 1108 1217 1166 litibus
1239 1119 1269 1165 et
1289 1106 1388 1182 iurgiis
1405 1123 1476 1181 supa*
1512 1129 1516 1142 ·

447 1213 540 1271 sederi
562 1231 674 1288 aequum
698 1212 744 1284 sit,
773 1231 826 1287 ego
848 1212 915 1270 hinc
936 1213 1081 1290 extemplo
1103 1213 1133 1271 in
1148 1213 1329 1291 Capitolium
1352 1212 1387 1269 ad
1404 1212 1476 1269 loten
1505 1233 1516 1269 s

448 1320 587 1397 optimum
610 1318 766 1377 maximum
788 1320 985 1394 Iunonemque
1007 1331 1033 1376 et
1050 1320 1214 1377 Minervam
1238 1331 1404 1394 ceterosque
1421 1317 1474 1382 deut
1504 1322 1516 1376 u'

414 1425 497 1501 llqni
530 1425 674 1502 Capitolio
708 1434 795 1499 atque
827 1425 886 1482 arci
919 1426 1087 1503 praesident,
1119 1425 1293 1482 salutandos
1322 1423 1384 1493 ibo,
1411 1422 1474 1498 iisque
1512 1429 1516 1483 l

447 1532 557 1608 gratias
579 1550 674 1607 agam,
697 1532 775 1606 quod
797 1531 864 1589 mihi
888 1542 917 1589 et
936 1533 992 1589 hoc
1013 1532 1076 1609 ipso
1098 1533 1146 1590 die
1165 1543 1196 1589 et
1212 1551 1292 1608 saepe
1311 1531 1381 1589 alias
1394 1528 1473 1606 egregit

397 1642 433 1698 10
447 1639 580 1714 gerendae
600 1637 641 1696 rei
656 1637 777 1713 publica
795 1646 918 1696 mentem
937 1637 1163 1715 facultatemque
1181 1640 1332 1697 dederunt.
1374 1636 1471 1692 Vestruu
1502 1659 1516 1694 r

448 1762 564 1819 quoque
586 1743 689 1818 quibus
710 1744 893 1801 commodum
917 1756 977 1814 est,
1004 1744 1146 1818 Quirites,
1167 1745 1208 1802 ite
1229 1749 1471 1814 mammetem
1501 1789 1508 1798 .

398 1857 430 1913 ll
448 1850 533 1921 daos,
557 1861 588 1906 ut
610 1850 665 1906 mei
686 1849 793 1907 similes
815 1850 958 1926 principes
978 1850 1126 1919 habeatis,
1150 1851 1207 1919 ita,
1234 1850 1259 1907 s'i
1282 1850 1320 1907 ab
1343 1848 1416 1906 anuis
1431 1863 1470 1921 sq
1501 1869 1516 1903 u

448 1955 587 2014 tendacim
617 1956 653 2013 ad
681 1966 855 2013 senectutem
878 1976 992 2032 semper
1020 1975 1073 2014 vos
1094 1968 1209 2015 atatem
1233 1975 1331 2013 meam
1351 1952 1469 2012 hononbu
1502 1985 1515 2010 ,-

447 2062 551 2121 vestris
573 2062 712 2140 antelatis,
735 2082 789 2139 ego
811 2073 924 2120 vestros
944 2063 1070 2120 honores
1084 2064 1169 2121 rebus
1191 2062 1328 2139 gerendis
1348 2057 1468 2136 pmcessi‘
1501 2061 1516 2114 ’.-

398 2169 434 2228 tt
450 2170 498 2229 Ab
520 2168 621 2226 rostris
642 2168 672 2226 in
694 2166 869 2246 Capitolium
893 2168 1049 2226 adscendit.
1099 2168 1193 2228 Simul
1212 2186 1243 2225 se
1260 2168 1393 2225 universa
1408 2161 1470 2222 cuntit
1509 2213 1514 2220 .

449 2275 554 2333 evertit
574 2286 603 2331 et
624 2259 722 2332 secuta
735 2275 899 2350 Scipionem
922 2285 974 2344 est,
996 2275 1069 2333 aden
1085 2284 1114 2332 ut
1134 2283 1285 2350 postremo
1303 2268 1470 2331 scribavittr
1504 2271 1516 2326 ·.

448 2400 552 2456 resque
582 2382 713 2439 tribunos
745 2381 952 2457 relinquerent,
987 2400 1040 2439 nec
1075 2399 1139 2438 curu
1170 2379 1208 2437 iis
1242 2390 1348 2455 praeter
1375 2373 1470 2434 servin
1505 2409 1509 2414 ·

449 2488 615 2546 comitatum
640 2498 669 2546 et
694 2507 870 2567 praeconem,
896 2490 946 2565 qui
974 2508 1053 2546 reum
1083 2506 1120 2546 ex
1148 2485 1250 2544 rostris
1281 2486 1398 2555 citabat,
1422 2477 1471 2556 qu'*
1507 2503 1516 2537 τ

400 2597 435 2651 13
451 2614 538 2669 quum
570 2608 653 2654 esset.
700 2596 797 2672 Scipio
822 2616 880 2652 non
904 2595 932 2651 in
957 2594 1102 2671 Capitolio
1129 2593 1232 2663 modo,
1262 2592 1314 2651 sed
1340 2611 1390 2668 per
1412 2598 1472 2646 totu
1508 2610 1516 2644 τ

451 2701 552 2757 urbem
587 2702 683 2758 omnia
714 2701 822 2776 templa
855 2701 939 2757 deum
969 2721 1033 2758 cum
1060 2700 1168 2776 populo
1199 2701 1336 2756 Romano
1362 2690 1473 2754 circumit
1511 2718 1516 2751 :

401 2808 438 2865 14
455 2803 635 2864 Celebratior
655 2808 680 2864 is
701 2827 793 2885 prope
814 2807 874 2864 dies
895 2807 998 2865 favore
1019 2805 1165 2863 hominum
1184 2815 1214 2862 et
1234 2802 1418 2862 {estimatione
1431 2813 1475 2855 ren
1512 2824 1516 2861 :

451 2912 654 2987 magnitudinis
671 2914 732 2970 eius
752 2913 815 2983 fuit,
843 2932 929 2988 quam
950 2931 1008 2988 quo
1030 2912 1212 2988 triumphans
1233 2911 1271 2968 de
1290 2910 1418 2987 Syphace
1433 2919 1475 2978 ηρ
1514 2932 1516 2963 ε

451 3027 480 3074 et
502 3016 788 3095 Carthaginiensibus
809 3019 908 3076 urbem
935 3029 978 3076 est
1000 3020 1139 3076 invectus.

353 3107 396 3177 52
534 3125 592 3182 Hic
612 3125 760 3201 speciosus
782 3124 898 3181 ultimus
920 3126 981 3183 dies
1002 3127 1037 3183 P.
1053 3123 1180 3200 Scipioni
1202 3122 1313 3193 illuxit3
1338 3132 1403 3199 post
1420 3131 1477 3194 qutu

451 3250 538 3307 quum
571 3232 708 3289 invidiam
742 3243 770 3289 ct
801 3232 959 3288 certamina
990 3250 1053 3289 cum
1085 3230 1208 3288 tribunis
1241 3229 1428 3307 prospiceret,
1450 3220 1479 3279 dt

449 3338 580 3415 longiore
606 3339 752 3414 prodicta,
788 3339 817 3395 in
846 3338 1023 3395 Literninum
1047 3336 1187 3395 concessit
1209 3345 1292 3392 certo
1314 3333 1439 3401 consilio,
1456 3343 1479 3383 tt

416 3444 487 3502 tad
510 3464 627 3502 causam
649 3445 799 3502 dicendam
823 3444 944 3503 adesset.
988 3443 1086 3501 Maior
1114 3442 1227 3499 animus
1257 3451 1287 3498 et
1316 3449 1417 3499 natura
1439 3440 1480 3493 ω*

450 3571 485 3610 ac
507 3552 610 3609 maiori
631 3552 755 3609 fortunae
777 3562 918 3621 assuetus,
941 3568 1028 3625 quam
1051 3559 1083 3606 ut
1103 3567 1169 3605 reus
1192 3566 1257 3606 esse
1280 3548 1367 3605 sciret
1384 3554 1411 3603 et
1427 3558 1479 3600 suu

417 3658 562 3715 3mittere
583 3678 614 3715 se
642 3659 671 3715 in
692 3658 882 3715 humilitatem
905 3674 1022 3713 causam
1045 3634 1208 3714 dicentium.
1256 3654 1320 3715 Ubi
1345 3653 1404 3712 dies
1427 3644 1481 3707 saul

449 3763 589 3839 citarique
620 3765 724 3820 absens
754 3778 797 3821 est
821 3773 944 3840 coeptus,
975 3764 1008 3822 L.
1033 3761 1130 3840 Scipio
1161 3762 1297 3819 morbum
1325 3777 1416 3819 causa
1432 3770 1481 3813 etta

417 3873 501 3927 deur
529 3871 656 3940 abesset,
690 3872 857 3928 excusabat.
909 3870 1002 3944 Quam
1032 3868 1247 3926 excusationem
1280 3886 1368 3944 quum
1395 3856 1481 3923 totid

450 3977 499 4053 qui
521 3976 595 4033 diem
617 3976 759 4045 dixerant,
780 3996 836 4033 non
860 3977 1039 4053 acciperent,
1062 3987 1091 4032 et
1112 3975 1149 4032 ab
1170 3974 1273 4031 eadem
1297 3972 1480 4049 superbisset
1513 3994 1516 4071 q

450 4083 547 4141 venire
574 4084 612 4139 ad
640 4101 756 4140 causam
788 4083 937 4141 dicendam
966 4093 1133 4159 arguerent,
1163 4100 1221 4156 qna
1250 4081 1387 4139 iudicium
1409 4088 1433 4135 et
1447 4070 1479 4129 bl·

417 4187 541 4246 5buuos
563 4189 655 4265 plebis
676 4200 704 4246 et
725 4190 886 4246 contionem
909 4187 1071 4263 reliquisset
1093 4197 1134 4258 et,
1163 4189 1269 4264 quibus
1299 4188 1343 4245 ius
1364 4178 1479 4243 sentmtie
1514 4224 1516 4229 .

450 4295 485 4350 de
513 4313 544 4352 se
572 4295 699 4352 dicendae
726 4306 754 4352 et
780 4295 940 4353 libertatem
969 4293 1137 4362 ademisset,
1174 4294 1220 4352 his
1248 4296 1411 4361 comitatus,
1438 4282 1479 4343 vul·
