3484 5025
571 1720 726 1799 Liber
762 1719 1007 1799 xxxvtt.

743 1955 843 1967 -a

265 2127 290 2168 a
339 2108 480 2168 Cornelio
521 2108 675 2184 Scipione,
716 2109 750 2169 C.
788 2110 879 2167 Lalio
918 2108 1084 2166 oonsulibus
1125 2110 1205 2167 nulla
1243 2111 1324 2185 prius
1401 2106 1417 2178 l

264 2216 412 2273 senodum
442 2213 597 2287 religiones
623 2224 690 2271 acta
718 2215 747 2271 in
769 2226 871 2272 senatu
893 2232 940 2271 res
962 2223 1006 2270 est
1033 2232 1120 2287 quam
1146 2215 1182 2272 de
1204 2216 1323 2274 AEtolis.
1336 2198 1499 2319 &affigat

264 2316 289 2375 tt
300 2340 405 2378 eorum
418 2320 507 2393 legati
522 2319 661 2390 institere,
677 2320 746 2394 quia
759 2320 882 2405 brevem
893 2320 1066 2377 indutiarum
1081 2319 1155 2376 diem
1167 2320 1325 2392 habebant,

264 2428 275 2476 l
288 2428 328 2484 ab
341 2427 379 2484 T.
389 2424 536 2497 Quinctio,
552 2424 672 2498 quitum
686 2426 810 2483 Romam
823 2425 985 2483 exGraecia
996 2425 1129 2491 redierat,
1147 2425 1237 2481 adiuti
1249 2436 1323 2486 sunt.

264 2527 359 2600 Etoli,
379 2540 412 2588 ut
430 2531 536 2606 quibus
552 2530 618 2605 plus
632 2531 662 2588 in
677 2532 875 2589 misericordia
885 2543 1002 2589 senatus
1018 2551 1105 2606 quam
1121 2530 1150 2587 in
1161 2549 1252 2588 causa
1262 2532 1324 2605 spei
1337 2524 1355 2581 2

264 2648 344 2705 ⁵set,
367 2635 538 2711 suppliciter
558 2646 695 2710 egerunt,
720 2637 866 2695 veteribus
891 2637 1050 2694 benefactis
1071 2655 1149 2693 nova
1169 2648 1324 2712 pensantes

264 2743 412 2811 telelicie3
456 2750 583 2799 ceterum
622 2751 652 2800 et
688 2755 843 2818 praesentes
882 2742 1157 2816 interrogationibus
1197 2737 1353 2817 undique3

264 2858 432 2915 enatorum,
451 2846 662 2904 confessionem
680 2848 773 2922 magis
790 2867 876 2904 noxae
896 2867 982 2922 quam
1000 2866 1142 2923 responsa
1160 2850 1323 2923 exprimen-

267 2966 340 3023 um,
364 2951 482 3026 fatigati
504 2962 584 3021 sunt,
612 2962 642 3010 et
663 2954 803 3010 excedere
824 2953 905 3009 curie
926 2953 995 3009 iussi
1019 2971 1154 3027 magnum
1177 2966 1323 3012 certamen

264 3059 449 3114 rabuerunt.
500 3057 572 3114 Plus
610 3058 657 3114 ira
690 3077 777 3132 quam
811 3057 1011 3115 misericordia
1048 3059 1078 3114 in
1105 3078 1195 3115 ceusu
1222 3062 1354 3116 eorum4

264 3162 385 3232 alebat,
415 3163 486 3236 quia
512 3181 571 3218 nou
601 3174 633 3219 ut
654 3163 786 3219 hostibus
808 3163 911 3233 modo,
942 3163 993 3219 sed
1014 3173 1153 3237 tanquam
1176 3164 1323 3222 indomitae

263 3271 279 3318 t
319 3267 484 3325 insociabili
515 3268 594 3343 genti
630 3269 848 3328 succensebant.
896 3269 956 3325 Per
991 3268 1103 3342 aliquot
1137 3269 1198 3325 dies
1233 3272 1354 3343 quumi

263 3383 393 3430 artatum
423 3382 514 3443 esset,
548 3383 697 3447 postremo
728 3392 823 3448 neque
856 3374 920 3430 deri
952 3393 1047 3447 neque
1084 3374 1185 3448 negari
1219 3393 1322 3449 pacem

263 3473 372 3534 decuit.
418 3478 495 3534 Duae
522 3477 706 3534 condiciones
733 3478 774 3534 eis
801 3478 868 3535 latae
889 3489 969 3535 sunt:
996 3479 1043 3536 vel
1066 3479 1179 3536 senatui
1200 3478 1323 3537 liberum

263 3583 404 3640 rbitrium
427 3583 464 3639 de
484 3601 517 3640 se
538 3583 745 3658 permitterent,
766 3583 814 3639 vel
830 3582 907 3638 mille
924 3583 1062 3640 talentum
1077 3583 1180 3640 darent
1191 3585 1323 3640 eosdem·

262 3701 313 3756 [ue
337 3689 448 3747 amicos
475 3699 564 3763 atque
588 3687 720 3743 inimicos
741 3687 889 3746 haberent.
937 3687 1111 3761 Exprimere
1132 3689 1354 3763 cupientibus,6

262 3803 376 3860 [uarum
399 3812 497 3852 rerum
517 3794 549 3849 in
571 3811 603 3848 se
622 3792 773 3849 arbitrium
795 3793 909 3849 senatui
931 3793 1138 3867 permitterent,
1160 3795 1231 3852 nibil
1252 3795 1323 3853 certi

262 3909 423 3973 esponsum
452 3908 505 3956 est.
553 3899 602 3955 lta
634 3897 742 3955 iniecta
773 3916 847 3973 pace
879 3898 1006 3969 dimissi,
1037 3900 1109 3957 urbe
1137 3901 1238 3958 eodem
1266 3901 1322 3970 die,

262 3993 342 4060 Italia
361 4005 439 4062 intra
463 4003 625 4079 quindecim
648 4005 710 4060 dies
733 4003 874 4060 excedere
895 4004 974 4063 iussi.

337 4111 412 4167 Tum
443 4110 481 4166 de
508 4108 660 4166 consulum
691 4109 848 4183 provinciis
878 4122 1002 4185 coeptum
1036 4120 1080 4168 est
1108 4112 1166 4186 agi.
1224 4113 1352 4170 Ambol

262 4199 401 4272 {rodam
436 4215 602 4290 cupiebant.
680 4215 805 4272 Multum
842 4215 951 4273 Laelius
991 4217 1021 4273 in
1057 4228 1159 4274 senatu
1198 4227 1322 4292 poterat.
