3484 5025
577 491 655 542 Liber
672 491 788 544 XXXV.
823 491 873 554 (A.
884 489 933 541 cta
949 491 1020 555 1⁹2.)
1231 497 1289 553 198

260 682 361 732 rantur
382 683 415 731 st
436 684 551 732 eentum
571 674 782 749 quinquaginta
792 674 913 749 equitas,
934 683 964 732 at
982 674 1068 732 sociis
1090 674 1191 732 eodem
1205 676 1332 751 quinque

260 777 353 836 millis
375 778 508 854 peditum
523 779 743 855 imperarentur,
765 779 879 836 ducenti
891 778 1101 855 qninquaginta
1113 778 1233 853 equites.
1276 778 1330 840 Cn.
1345 779 1361 833 1

260 881 398 940 Domitio
414 894 501 942 extra
513 884 641 955 Italiam,
663 902 722 959 quo
736 896 853 942 senatus
867 885 1034 953 censuisset,
1056 883 1207 958 provincia
1226 884 1331 953 evenit,

260 986 294 1048 [ι.
327 986 470 1061 Quinctio
507 988 607 1047 Gallia
640 996 670 1047 et
699 990 817 1046 comitia
846 990 991 1046 habenda.
1053 990 1199 1046 Praetores
1228 985 1362 1045 deinde8

260 1093 432 1170 provincias
454 1094 564 1165 sortiti,
592 1096 633 1155 M.
656 1094 778 1152 Fulvius
802 1092 990 1152 Centumalus
1012 1095 1167 1161 urbanam,
1196 1094 1230 1149 L.
1254 1091 1331 1151 Scri·

260 1195 370 1256 mrim
391 1198 470 1258 Libo
491 1201 685 1275 peregrinam,
708 1199 743 1257 L.
765 1198 903 1257 Valerius
924 1198 1032 1275 Tappo
1055 1197 1198 1268 Siciliam,
1220 1196 1256 1269 Q.
1278 1197 1333 1257 Sa·

260 1299 361 1360 buius
383 1302 477 1362 Sarra
494 1304 676 1374 Sardiniam,
698 1304 739 1361 M.
757 1303 873 1361 Baebius
895 1304 1069 1378 Tamphilus
1092 1302 1266 1378 Hispaniam
1291 1302 1331 1360 ci-

261 1403 412 1478 h'lorem,
432 1409 474 1466 A.
497 1408 606 1467 Atilius
627 1407 771 1467 Serranus
791 1408 971 1477 ulteriorem
997 1408 1047 1465 sed
1069 1408 1114 1465 his
1136 1406 1250 1465 duobus
1270 1407 1363 1484 pri-9

261 1527 346 1568 num
373 1522 493 1570 senatus
521 1512 669 1584 consulto,
696 1511 799 1570 deinde
826 1513 919 1588 plebis
947 1512 1034 1569 etiam
1061 1512 1134 1570 scito
1161 1523 1331 1587 permutatae

261 1615 424 1692 povincia
456 1626 537 1686 sunt;
570 1618 662 1675 Atilio
690 1617 792 1675 classis
824 1628 853 1675 et
880 1617 1069 1687 Macedonia,
1097 1617 1198 1674 Baebio
1225 1617 1331 1675 Bruttii
1349 1625 1383 1680 10

261 1717 383 1782 damu.
423 1723 571 1782 Flaminio
582 1723 747 1797 Fulvioque
763 1723 793 1781 in
805 1720 955 1797 Hispaniis
970 1732 1158 1796 prorogatum
1170 1722 1329 1798 imperium.

261 1823 387 1903 Auia)
409 1828 439 1886 in
454 1828 585 1886 Bruttios
601 1828 666 1885 dua
682 1827 811 1903 legiones
825 1828 958 1894 decretae,
980 1845 1044 1900 quoe
1066 1826 1163 1901 priore
1184 1844 1260 1883 anno
1283 1846 1331 1884 ur·
1349 1837 1379 1892 11

261 1925 351 1990 hun
370 1930 510 2003 fuissent,
540 1941 569 1989 et
598 1942 630 1990 ut
657 1934 744 1990 sociis
770 1933 872 1989 eodem
900 1931 992 1987 millia
1018 1930 1145 2006 peditum
1168 1930 1330 2004 quindecim

262 2031 479 2114 hpararentur
503 2046 532 2094 et
556 2038 704 2113 quingenti
719 2038 840 2112 equites.
886 2037 1002 2094 Baebius
1017 2034 1190 2109 Tamphilus
1214 2035 1332 2110 triginta
1347 2045 1383 2102 12

262 2151 358 2198 naves
389 2141 612 2216 quinqueremes
648 2139 745 2199 facere
780 2143 876 2200 iussus
908 2150 937 2197 et
965 2159 1003 2197 ex
1034 2138 1187 2197 navalibus
1219 2150 1332 2197 veteres

262 2239 426 2315 deducere,
452 2246 478 2304 si
503 2263 568 2320 quse
590 2245 673 2302 utiles
690 2256 801 2315 essent,
830 2257 858 2304 et
883 2246 1008 2304 scribere
1029 2244 1150 2302 navales
1170 2244 1282 2312 socios;
1303 2253 1332 2301 at

262 2348 434 2407 &nulibus
455 2350 646 2424 imperatum,
674 2361 706 2406 ut
733 2351 759 2407 ei
780 2350 838 2407 dno
860 2351 951 2409 millia
971 2350 1081 2407 socium
1102 2365 1137 2404 ac
1158 2348 1256 2404 Latini
1276 2367 1331 2406 no-

262 2448 353 2511 mun
374 2462 405 2513 et
425 2453 505 2514 mille
527 2454 639 2530 pedites
660 2454 763 2513 darent
783 2456 948 2514 Romanoa·
999 2452 1040 2511 Hi
1061 2452 1120 2508 duo
1142 2460 1279 2527 praetores
1304 2464 1333 2509 et
1348 2453 1383 2509 13

262 2550 326 2635 ᾖ»
346 2560 508 2631 exercitus,
538 2559 681 2616 terrestris
708 2558 894 2634 navalisque,
927 2558 1066 2616 adversus
1092 2557 1202 2615 Nabim
1233 2566 1333 2632 aperte

262 2652 327 2739 fin
354 2674 573 2740 oppugnantem
601 2665 697 2721 socios
732 2664 834 2740 populi
859 2662 988 2723 Romani
1019 2662 1189 2720 dicebantur
1220 2661 1332 2736 parari;

262 2776 391 2826 uanum
406 2768 497 2844 legati
511 2769 549 2825 ed
564 2768 742 2826 Antiochum
759 2769 839 2826 missi
854 2769 1107 2844 exspectabantur,
1120 2776 1149 2822 et
1162 2765 1332 2840 prinsquam
1349 2770 1384 2825 14

263 2860 457 2943 liredissent,
478 2882 611 2929 vetuerat
630 2870 683 2930 Cn.
694 2872 857 2930 Domitium
879 2872 1026 2930 consulem
1047 2881 1164 2928 senatus
1186 2870 1334 2927 discedere

263 2976 307 3035 th
320 2978 400 3040 urbe.
437 2976 618 3036 Pranribm
629 2976 736 3034 Fulvio
750 2987 779 3035 et
793 2977 955 3048 Scribonio,
973 2977 1087 3051 quibus,
1101 2984 1133 3031 ut
1146 2973 1191 3031 ius
1207 2973 1333 3031 dicerent
1388 2971 1426 3040 2}

263 3070 376 3153 Bone,
398 3081 550 3158 provincia
561 3091 634 3148 erat,
654 3082 802 3157 negotium
818 3082 927 3152 datum,
948 3092 981 3138 ut
997 3092 1183 3157 praeteream
1200 3078 1333 3143 classem,

263 3185 314 3245 ui
332 3186 451 3245 Baebius
471 3184 647 3262 praefuturus
669 3196 741 3256 erat,
763 3196 877 3244 centum
901 3185 1122 3259 quinqueremes
1141 3195 1290 3258 pararent.

347 3290 524 3366 Priusquam
535 3291 636 3348 consul
648 3301 845 3366 praetoresque
855 3291 885 3346 in
898 3287 1063 3365 provincias
1073 3287 1333 3362 proficiscerentur,
1346 3293 1363 3347 2

263 3394 438 3471 ¹upplicatio
465 3393 520 3452 init
548 3392 748 3469 prodigiorum
775 3412 874 3455 causa.
921 3391 1049 3467 Capram
1075 3409 1128 3448 sex
1151 3392 1251 3449 haedos
1275 3397 1364 3451 un03

263 3474 326 3575 'flu
354 3497 481 3557 edidisse
508 3516 547 3555 ex
575 3498 685 3556 Piceno
713 3498 876 3556 nuntiatum
902 3507 962 3567 est,
999 3508 1028 3554 et
1063 3496 1173 3554 Arretii
1211 3515 1332 3571 puerum

264 3610 364 3685 mm
392 3603 578 3671 unimnnnm,
614 3603 761 3660 Amiterni
785 3612 863 3659 terra
892 3601 1033 3677 pluvisse,
1064 3601 1190 3659 Formiis
1218 3607 1364 3675 portauit

264 3680 438 3781 rhururuque
461 3707 498 3764 de
518 3706 590 3763 coelo
613 3716 755 3777 tactust,
783 3706 862 3780 quod
885 3706 1012 3762 maxime
1033 3707 1177 3777 terrebat,
1207 3705 1333 3763 consulis

264 3804 317 3879 ὓ.
338 3810 464 3871 Domitii
487 3811 594 3869 bovem
616 3811 760 3868 locutum:
784 3813 916 3881 „Roma‚
939 3829 1010 3868 cave
1031 3810 1114 3870 tibi.“
1163 3809 1364 3870 Ceterorumh

265 3908 468 3999 ¹'atligiorum
490 3933 581 3974 causa
602 3915 796 3991 supplicatum
818 3926 885 3984 est3.
904 3917 1009 3972 bovem
1038 3933 1103 3972 cum
1131 3933 1202 3972 cura
1222 3917 1334 3973 servari

264 4018 361 4097 §Eque
382 4020 551 4096 haruspices
576 4020 729 4079 iusserunt.
779 4019 895 4079 Tiberis
924 4018 1090 4089 infestiore,
1120 4038 1208 4093 quam
1237 4020 1334 4094 priore

265 4118 344 4198 bro,
364 4124 476 4200 impetu
497 4125 596 4182 illatus
618 4124 686 4182 urbi
705 4123 779 4181 duos
802 4135 920 4200 pontes,
942 4123 1063 4181 edificia
1084 4122 1185 4193 multa,
1206 4121 1333 4179 maxime

300 4260 325 4332 ¹)
351 4266 429 4319 sulit
447 4272 473 4315 et
490 4265 573 4316 Bahii
590 4265 698 4318 nomina
714 4267 756 4317 hic
774 4274 801 4316 et
817 4281 840 4316 c.
856 4272 899 4328 sl,
920 4272 932 4317 1
953 4267 1041 4316 Livius
1058 4266 1221 4330 permutavit.

291 4359 356 4402 Hrhs
371 4371 398 4401 u
410 4371 452 4401 ras.
465 4358 565 4408 ladrigil·
594 4359 618 4397 V.
1101 4361 1132 4406 1³
