3484 5025
400 503 456 561 118
653 504 731 554 Liber
739 503 894 584 millii.
924 501 1035 566 (mmo.
1046 500 1121 566 566.)

354 687 437 762 signa
466 688 579 746 modico
608 688 762 746 intervallo
790 688 892 746 velites
917 698 986 745 eunt
1012 698 1042 744 et
1069 688 1109 746 ab
1136 687 1242 745 Attalo
1269 684 1395 746 Cretense

323 794 497 869 3sagittorii
518 806 547 850 et
568 791 729 850 funditores
751 806 779 852 at
796 794 889 852 Tralli
911 804 937 851 et
953 795 1102 863 Thraces3
1125 794 1213 869 signa
1230 794 1357 869 peditum,
1374 807 1394 852 rt

353 919 406 975 per
427 900 560 968 arduum,
578 899 634 956 leni
656 900 749 975 gradu
765 900 917 971 ducuntur,
939 901 981 959 ita
1001 918 1062 975 prae
1083 918 1117 958 se
1138 901 1305 958 habentium
1324 912 1394 970 scota,

353 1016 385 1063 ut
407 1005 527 1062 missilia
548 1016 659 1061 tantum
684 1005 823 1077 vitarent,
850 1008 925 1082 peda
946 1006 1053 1064 collato
1075 1026 1136 1063 non
1157 1006 1322 1064 viderentur
1340 1024 1393 1082 pug-

322 1112 459 1171 4naturi.
506 1111 665 1169 Missilibus
688 1131 725 1168 ex
746 1112 899 1170 intervallo
921 1112 977 1170 loci
999 1112 1134 1187 proelium
1158 1114 1338 1170 commissum
1357 1121 1393 1182 est,
1415 1135 1417 1144 ·

352 1218 447 1293 primo
468 1237 531 1293 par,
554 1216 658 1276 Gallos
678 1218 744 1273 loeo
767 1218 933 1288 adiuvante,
955 1219 1106 1275 Romanos
1121 1218 1265 1275 varietate
1284 1229 1311 1275 et
1329 1218 1393 1293 eopia

353 1325 490 1393 telornm3
519 1324 692 1399 procedente
721 1325 878 1382 certamine
907 1325 979 1381 nihil
1004 1324 1063 1381 iam
1093 1324 1172 1398 sequi
1202 1333 1275 1382 erat.
1325 1321 1391 1381 Senta

351 1430 454 1505 longe,
483 1440 608 1487 ceterum
631 1429 670 1486 ad
691 1428 908 1503 amplitudinem
931 1446 1085 1505 corporum
1107 1449 1213 1505 parum
1235 1428 1304 1499 lata,
1328 1441 1352 1486 et
1366 1447 1390 1488 a

322 1536 417 1612 dipsa
437 1536 540 1611 plana,
563 1535 639 1592 male
660 1536 797 1610 tegebant
818 1534 932 1605 Gallos,
953 1554 1006 1593 nee
1028 1535 1087 1593 tela
1109 1536 1170 1593 iam
1194 1535 1253 1592 alia
1271 1536 1390 1592 habebant

352 1651 456 1716 praeter
476 1641 605 1715 gladios,
635 1660 773 1715 quornm,
796 1660 884 1715 quum
908 1660 1025 1699 manum
1046 1642 1139 1700 hostis
1162 1661 1222 1699 non
1245 1649 1388 1710 consereret,

322 1747 446 1804 6nullus
470 1766 537 1803 usus
559 1757 630 1805 erat.
668 1745 755 1805 Saxis
769 1765 822 1804 neo
837 1747 967 1818 modieis,
989 1759 1022 1805 ut
1040 1766 1105 1823 qnte
1119 1768 1179 1806 non
1194 1757 1388 1824 praeparassent,

352 1853 403 1910 sed
425 1853 503 1926 qnod
525 1852 628 1927 cuique
650 1862 759 1909 temere
780 1852 936 1927 trepidanti
958 1853 996 1909 ud
1019 1874 1135 1912 manum
1160 1853 1301 1922 venisset,
1319 1859 1387 1920 aaut

323 1957 464 2021 linsueti,
487 1976 539 2013 neo
561 1969 624 2015 arte
648 1977 700 2014 nee
721 1957 830 2015 viribus
857 1958 1028 2016 adiuvantes
1049 1960 1149 2031 ictum,
1172 1960 1335 2027 utebantur3
1352 1975 1386 2014 ss·

350 2063 445 2139 gittis,
479 2063 599 2138 glande,
630 2063 732 2120 iaeulis
763 2063 871 2121 incauti
899 2064 936 2121 ab
966 2066 1045 2122 omni
1073 2077 1158 2141 parte
1188 2066 1385 2141 configebantur,

351 2189 413 2239 nec,
436 2170 505 2245 qnid
527 2180 660 2244 agerent,
684 2168 730 2225 ira
758 2178 787 2226 et
808 2188 920 2245 pavore
945 2171 1096 2228 ooeaeoatis
1121 2171 1227 2229 animis
1251 2172 1384 2238 cernebant

251 2313 254 2318 -
352 2287 380 2331 et
409 2289 491 2332 erant
517 2275 651 2352 deprensi
681 2293 787 2349 genere
815 2294 934 2351 pugnae,
963 2274 991 2332 in
1014 2275 1092 2350 qnod
1115 2276 1235 2333 minime
1256 2277 1312 2352 apti
1329 2281 1382 2332 sna.

322 2380 430 2438 8Nam
452 2382 694 2455 quemadmodum
717 2380 862 2450 eominuS,
892 2381 942 2438 ubi
970 2381 999 2437 in
1032 2380 1125 2438 vicem
1158 2384 1223 2457 pati
1250 2394 1279 2441 et
1305 2381 1382 2440 infun

353 2487 473 2545 vulnera
495 2488 574 2557 lieet,
603 2488 734 2546 aseendit
754 2487 798 2544 ira
821 2487 933 2545 animos
956 2505 1070 2558 eorum,
1092 2487 1150 2558 ita,
1174 2489 1223 2546 ubi
1244 2508 1281 2546 ex
1300 2486 1381 2546 occulte

353 2605 380 2650 et
396 2595 497 2670 procul
511 2595 622 2651 levibus
637 2595 700 2651 telis
715 2595 903 2652 vulnerantur
924 2612 986 2664 neo,
1008 2612 1065 2667 quo
1088 2605 1176 2650 ruant
1198 2613 1274 2652 eaeeo
1293 2597 1379 2670 impeti,

322 2701 475 2770 thabent,
504 2702 583 2757 velut
611 2700 679 2757 ferae
706 2702 853 2757 transfixae
881 2702 910 2756 in
932 2718 1000 2758 suos
1022 2710 1130 2757 temere
1152 2676 1305 2759 incurrunt.
1339 2699 1377 2755 llo
1410 2732 1414 2737 ·

352 2808 468 2880 tegebat
494 2808 614 2864 vulnera
637 2826 753 2875 eornm,
781 2807 860 2881 quod
887 2807 956 2865 nudi
984 2816 1131 2882 pugnant,
1163 2818 1191 2864 et
1212 2821 1278 2865 sunt
1296 2806 1376 2865 aas
1414 2878 1417 2886 Ι

352 2913 476 2969 eandida
503 2932 641 2988 corpora,
671 2923 702 2969 ut
731 2930 794 2986 quae
822 2932 971 2987 nunquam
998 2912 1053 2969 nisi
1081 2912 1109 2969 in
1138 2932 1239 2989 pugna
1258 2915 1374 2975 undenum
1411 2962 1417 2995 ·.

351 3018 392 3074 ite
418 3031 447 3074 et
473 3018 538 3093 plus
560 3019 707 3092 sanguinis
730 3037 767 3074 ex
789 3017 879 3074 multa
901 3036 988 3074 earne
1009 3017 1195 3091 fundebatur,
1224 3032 1253 3077 et
1276 3017 1372 3077 fodiam

350 3124 490 3197 patebant
522 3124 628 3198 plagae,
661 3133 689 3180 et
722 3124 832 3180 eander
864 3142 1018 3199 corporum
1051 3126 1147 3200 magis
1177 3126 1371 3202 sanguineam

209 3239 213 3244 ‘
302 3229 337 3283 10
352 3230 560 3315 maoulnbotur.
597 3230 655 3288 Sed
671 3248 729 3285 non
751 3241 810 3285 tam
833 3230 998 3305 patentibus
1020 3229 1115 3306 plagis
1138 3243 1300 3301 moventur,
1315 3231 1371 3286 irtu-
1415 3281 1417 3285 .

350 3334 417 3391 dum
451 3332 560 3393 insecta
582 3347 660 3405 oute,
693 3336 742 3393 ubi
772 3335 858 3392 latior
888 3354 974 3410 quum
1005 3336 1092 3393 altior
1120 3337 1212 3413 plaga
1237 3346 1290 3408 est,
1315 3333 1370 3390 aar
1406 3408 1409 3415 q

301 3443 333 3497 ll
349 3441 503 3515 gloriosius
524 3460 556 3498 se
577 3460 708 3517 pugnare
728 3450 846 3517 putant;
868 3441 965 3509 iidem,
988 3459 1075 3515 quum
1101 3444 1220 3501 aculens
1235 3442 1371 3519 sagittanti
1412 3498 1417 3506 ,

349 3547 463 3621 glandis
485 3547 590 3604 abditae
608 3548 749 3604 introrsus
771 3548 850 3604 tenui
870 3548 990 3604 vulnere
1010 3547 1185 3623 inspeciem
1202 3551 1266 3619 urit,
1287 3557 1370 3604 mecm
1405 3573 1408 3579 ·

348 3663 452 3720 tentes,
482 3672 540 3726 qua
568 3654 706 3722 evellant,
733 3653 820 3710 telum
844 3672 902 3710 non
925 3652 1071 3729 sequitur,
1101 3664 1164 3712 tum
1191 3656 1223 3712 in
1243 3654 1370 3713 rabiens
1406 3724 1417 3733 .

347 3757 487 3831 pudorem
516 3734 588 3815 lam⁴
603 3777 702 3834 parvm
733 3759 899 3834 perimentis
926 3759 1003 3816 versi
1024 3760 1114 3834 pestis
1139 3772 1315 3851 prosternunt
1330 3771 1369 3813 eor·

299 3863 421 3938 llpora
447 3865 535 3923 humi.
584 3864 632 3923 Sic
656 3884 744 3940 quum
773 3861 882 3940 passim
909 3866 1142 3941 procumberent,
1175 3867 1225 3924 alii
1245 3857 1369 3925 ruentsi
1409 3910 1417 3919 .

346 3970 457 4026 hostem
490 3970 616 4044 undique
646 3972 864 4046 configebantur
897 3981 940 4040 et,
971 3990 1060 4044 quum
1100 3974 1233 4031 eominus
1261 3972 1369 4029 venerunt
1410 4034 1417 4050 ,Ι

299 4076 333 4131 13
347 4076 451 4150 gladiis
466 4096 484 4132 a
499 4076 631 4132 velitibus
648 4075 876 4136 trucidabantur.
913 4077 970 4134 Hie
993 4078 1074 4135 miles
1089 4079 1259 4155 tripedalem
1273 4085 1367 4154 parum

346 4183 434 4238 habet
462 4193 490 4238 et
511 4183 540 4239 in
561 4180 682 4237 dextera
702 4181 817 4253 hastas,
845 4183 950 4257 quibus
973 4184 1084 4241 eminus
1105 4186 1210 4255 utitur3
1232 4183 1317 4261 gledio
1332 4173 1367 4235 Hi
1411 4250 1417 4259 Ι

345 4287 490 4360 spaniensi
519 4299 563 4345 est
586 4288 710 4356 einetus;
737 4287 814 4362 quod
838 4288 863 4345 si
884 4288 959 4364 pede
991 4290 1097 4348 collato
1132 4292 1307 4368 pugnandum
1333 4288 1366 4347 eli
