3484 5025
481 526 536 582 152
712 524 790 574 Libas
805 523 961 576 xxxvm.
996 524 1044 588 (Δ.
1061 539 1089 577 u.
1106 537 1132 577 c.
1150 521 1227 585 W.)

436 708 531 785 piene¹
543 707 641 766 malim
663 709 795 784 equidem
809 708 929 768 librarii
948 710 1085 768 mendum
1100 713 1190 785 quam
1207 703 1387 765 mendacium
1404 703 1471 779 scrip
1518 707 1522 761 ἰ

405 814 508 872 9toris
529 832 593 872 esse
623 815 653 872 in
682 832 796 872 summa
822 815 886 873 auri
907 824 996 892 atque
1017 814 1144 891 argenti,
1175 812 1301 871 similius
1333 810 1404 869 enim
1429 808 1475 867 vui
1520 811 1522 866 l

438 929 483 979 est
505 921 616 997 argenti
648 939 735 997 quam
765 921 829 979 auri
850 921 945 979 maius
963 922 1077 998 pondos
1098 920 1207 989 fuisse,
1228 927 1270 1002 'et
1302 916 1397 994 potius
1422 933 1476 991 qua·
1521 937 1522 948 ¹

390 1031 425 1085 to
439 1025 554 1101 dragics
579 1045 665 1100 quarn
688 1026 835 1085 ducenties
856 1028 1030 1103 quadragies
1040 1023 1118 1084 litem
1134 1025 1323 1093 aestimatam,
1344 1041 1379 1080 eo
1399 1021 1478 1097 magis,

439 1132 518 1207 quod
539 1142 626 1190 tanta
647 1151 768 1191 summas
788 1134 931 1191 rationem
963 1134 1051 1190 etiam
1082 1134 1121 1190 ab
1153 1131 1221 1207 ipso
1242 1131 1278 1188 P.
1302 1128 1432 1205 Scipione
1445 1145 1479 1185 rc·

390 1243 423 1299 ll
439 1237 574 1313 quisitam
597 1257 661 1297 esse
681 1241 712 1297 in
733 1250 834 1297 senatu
852 1239 979 1310 tradunt,
999 1239 1164 1314 librumque
1183 1234 1313 1295 rationis
1333 1236 1393 1293 eius
1411 1251 1480 1309 quun

438 1343 560 1400 Lucium
574 1342 693 1402 fratrem
709 1345 814 1406 afferre
834 1344 973 1415 iussisset,
993 1344 1174 1420 inspectante
1195 1351 1303 1401 senatu
1327 1342 1385 1400 sois
1404 1340 1480 1416 ipsun

390 1456 425 1511 12
438 1449 571 1506 manibus
593 1452 790 1527 concerpsisse
811 1451 1017 1527 indignantem,
1048 1451 1137 1525 qnod,
1169 1467 1261 1526 quum
1284 1448 1332 1506 bis
1352 1444 1479 1503 milliesiu

390 1556 570 1619 macarium
593 1556 744 1623 intulisset,
777 1557 952 1632 quadragies
983 1557 1058 1615 ratio
1090 1559 1128 1615 ab
1159 1574 1192 1613 se
1224 1563 1404 1631 posceretur.
1444 1551 1479 1609 Ab

439 1661 540 1717 eadem
562 1662 667 1719 fiducia
700 1662 798 1732 animi,
829 1647 917 1737 quum
951 1673 1108 1737 quaestores
1139 1661 1296 1737 pecuniam
1331 1677 1369 1716 ex
1398 1656 1478 1715 arunt

439 1776 540 1823 contra
562 1766 655 1842 legem
677 1787 810 1843 promere
832 1787 890 1825 non
909 1770 1057 1837 auderent,
1088 1766 1258 1843 poposcisse
1281 1765 1388 1835 claves,
1418 1772 1444 1820 et
1458 1779 1478 1819 ss

439 1882 604 1948 aperturum
627 1874 760 1932 ararium
782 1874 899 1943 dixisse,
921 1875 979 1949 qui,
1001 1884 1033 1931 ut
1054 1873 1246 1943 clauderetur,
1269 1870 1419 1930 effecisset

345 1964 386 2035 56
522 1979 617 2037 Multa
639 1980 696 2037 alla
721 1981 751 2038 in
776 1979 920 2055 Scipionis
942 1981 1021 2037 exitu
1043 1979 1169 2037 maxime
1198 1978 1268 2035 vitre
1290 1978 1395 2052 dieque
1413 1974 1477 2040 dictu,

383 2135 385 2146 .
441 2096 542 2155 morte,
572 2084 683 2156 funere,
715 2086 857 2161 sepulcro,
889 2087 918 2143 in
940 2086 1085 2143 diversum
1107 2086 1235 2154 trahunt,
1268 2093 1311 2152 ut,
1338 2082 1384 2139 cui
1405 2079 1477 2148 famu

409 2186 544 2265 2quibus
565 2191 680 2267 scriptis
701 2192 857 2262 assentiar,
890 2210 947 2249 non
975 2193 1109 2251 habeam.
1159 2191 1230 2249 Non
1261 2190 1302 2247 de
1334 2197 1478 2246 accusatore

440 2297 576 2355 convenit
596 2298 657 2370 (alii
680 2298 721 2355 M.
743 2299 889 2368 Navium,
911 2298 961 2354 alii
982 2293 1102 2355 Petilius
1124 2296 1199 2353 diem
1222 2294 1334 2353 dixisse
1354 2289 1478 2366 sefibmt

335 2463 339 2471 ,
440 2422 499 2460 non
520 2405 556 2461 dc
577 2414 716 2479 tempore,
749 2424 806 2480 quo
830 2404 908 2460 dicta
929 2403 990 2460 dies
1012 2403 1057 2473 sit,
1085 2419 1144 2459 ncn
1166 2402 1202 2459 de
1224 2419 1403 2475 cunasque
1422 2417 1477 2456 mor

324 2496 337 2522 ‘
411 2503 507 2567 3tuus
529 2512 575 2582 sit,
597 2532 654 2569 non
677 2512 726 2568 ubi
747 2521 878 2569 mortuus
903 2509 1064 2567 antelatus
1084 2508 1139 2577 sit;
1171 2507 1222 2564 alii
1247 2508 1360 2578 Romae,
1382 2506 1429 2565 alii
1447 2504 1479 2563 Li·

442 2618 513 2674 terni
536 2629 565 2675 et
586 2627 729 2674 momuum
758 2626 787 2673 et
811 2617 963 2691 sepultum.
1007 2614 1171 2689 Utrobique
1198 2624 1388 2672 monumenta
1406 2623 1480 2671 ostou-

441 2725 549 2781 duntur
570 2734 598 2781 ct
620 2734 736 2791 stutuaa3
758 2742 825 2779 nam
848 2735 876 2780 et
899 2722 1010 2779 Literni
1028 2730 1242 2778 monumentum
1260 2729 1481 2793 monumentoque

441 2839 538 2885 statua
567 2829 791 2905 superimposita
818 2829 882 2899 fuit,
915 2847 1002 2903 quam
1035 2835 1206 2902 tempestate
1238 2824 1382 2882 deiectam
1413 2840 1482 2900 nupu

414 2930 568 2991 4vidimus
588 2936 661 3009 ipsi,
693 2945 721 2992 et
742 2937 843 2993 Romae
865 2942 949 2991 extra
968 2943 1083 3009 portam
1105 2930 1258 3007 Capenam
1282 2930 1314 2987 in
1338 2930 1481 3007 Scipionuu

444 3050 628 3098 monumento
651 3051 709 3098 tres
731 3051 834 3099 statum
855 3050 930 3110 sunt,
953 3059 1073 3114 quarum
1097 3038 1162 3095 duae
1183 3039 1218 3098 P.
1238 3046 1269 3095 et
1285 3039 1321 3095 1..
1337 3037 1482 3112 Scipionuu

413 3143 576 3203 5dicuntur
608 3165 685 3216 esse,
718 3146 803 3203 tertia
824 3155 917 3220 poetes
944 3146 980 3219 Q.
1004 3145 1098 3203 Ennii.
1146 3140 1210 3202 Nec
1241 3144 1320 3200 inter
1351 3144 1483 3219 scripturo

442 3271 537 3310 rerum
557 3253 702 3327 discrepat
723 3252 825 3321 solum,
846 3252 898 3309 sed
914 3251 1058 3309 orationes
1073 3267 1197 3324 quoquc,
1219 3247 1244 3304 si
1265 3249 1357 3306 modo
1378 3249 1483 3324 ipsorun

443 3369 518 3428 sunt,
551 3377 614 3433 quae
635 3357 781 3428 feruntur,
815 3359 849 3415 P.
884 3355 1027 3431 Scipionis
1060 3363 1089 3412 et
1117 3355 1166 3417 Ti.
1192 3353 1323 3413 Gracchi
1351 3354 1484 3411 abhorrent

413 3464 517 3521 binter
537 3481 577 3520 ee.
630 3464 723 3520 Index
755 3463 895 3520 orationis
917 3464 953 3521 P.
977 3461 1120 3537 Scipionis
1141 3478 1247 3519 nomen
1270 3461 1314 3520 M.
1339 3457 1484 3519 Naevii'ui·

444 3567 512 3625 boni
534 3569 627 3645 plebis
648 3571 745 3640 habet,
776 3571 840 3645 ipsa
872 3567 966 3624 oratio
998 3568 1060 3625 eine
1091 3568 1208 3624 nomine
1240 3576 1286 3623 est
1314 3562 1487 3629 accusatoris

414 3676 532 3732 lmodo
565 3673 754 3744 nebulonem,
787 3674 874 3732 modo
907 3684 1076 3750 nugatorem
1109 3673 1247 3748 appellat.
1302 3673 1352 3730 Ne
1381 3668 1487 3732 Grsoelt'

447 3780 560 3855 quidem
587 3782 682 3838 oratio
704 3792 755 3838 aut
775 3781 946 3838 Petiliorum
978 3788 1178 3836 accusatorum
1200 3777 1338 3837 Africani
1372 3790 1422 3837 aut
1447 3773 1487 3834 diu'
1520 3818 1522 3851 ,

413 3886 528 3946 8dictae
549 3886 691 3944 Africano
715 3887 802 3944 ullam
835 3887 1008 3944 mentionem
1041 3885 1138 3961 habet.
1187 3883 1257 3941 Alia
1291 3893 1356 3942 tots
1387 3881 1489 3942 serundo

444 3990 545 4049 fabula
566 4002 610 4048 est
631 3991 760 4050 Gracchi
791 3991 916 4049 orationi
937 3990 1126 4059 conveniens,
1162 3998 1191 4047 et
1221 3989 1263 4047 illi
1298 4001 1432 4049 auctores
1457 4008 1488 4046 ss·

447 4097 553 4171 quendi
574 4108 655 4168 sunt,
689 4100 753 4174 qui,
786 4118 874 4175 quum
897 4098 930 4154 L.
953 4097 1052 4172 Scipio
1074 4107 1103 4154 et
1124 4105 1279 4154 accusatus
1302 4105 1332 4154 et
1355 4097 1489 4154 damnatus

445 4202 484 4259 sit
503 4203 632 4278 pecuniae
654 4214 747 4280 captae
768 4205 806 4261 ab
826 4222 906 4278 rege,
932 4204 1059 4280 legatum
1080 4203 1110 4259 in
1132 4202 1251 4260 Etruria
1272 4201 1367 4261 fuisse
1394 4200 1489 4262 Auia

324 4380 328 4389 ι
413 4313 513 4369 9num
535 4310 661 4377 tradunt,
684 4328 741 4384 quo
763 4319 829 4386 poet
852 4309 965 4368 famam·
988 4309 1024 4366 de
1043 4326 1114 4367 casu
1134 4307 1234 4366 frauis
1255 4308 1390 4382 allatam,
1409 4304 1490 4368 relidt

298 4424 385 4466 n
