3484 5025
557 504 1006 572 strennuissime.)
1103 559 1112 586 ,
1200 510 1254 568 127

274 689 367 769 bam]
400 692 496 768 legam
523 694 721 769 abrogandam
750 690 884 750 censent?
930 693 1009 750 Date
1037 691 1135 750 frenos
1160 691 1310 765 impotenti
1325 695 1360 751 13

274 807 358 856 rtrrrre
382 809 414 855 et
434 799 575 857 indomito
597 799 729 869 animali,
753 809 782 856 et
802 809 931 874 sperate,
953 799 1031 875 ipsas
1053 798 1168 856 modum
1191 798 1310 856 licentia

274 916 389 965 uturas.
449 905 514 963 Nisi
542 922 596 961 vos
623 903 752 975 facietis,
782 905 931 963 minimum
956 906 1012 963 hoe
1037 922 1136 961 eorum
1161 914 1220 977 est,
1247 917 1311 982 quat
1326 909 1360 964 tt

274 1012 346 1087 ique
382 1011 483 1070 animo
513 1011 626 1069 femina
652 1010 708 1067 sibi
736 1020 787 1067 aut
816 1012 944 1070 moribus
971 1021 1021 1069 aut
1046 1010 1158 1086 legibus
1185 1011 1311 1070 iniuncta

274 1118 412 1175 sinatur.
449 1116 584 1191 Omnium
605 1135 701 1174 rernm
722 1116 896 1185 libertatem,
916 1118 1004 1174 immo
1026 1116 1179 1188 licentiam,
1203 1118 1312 1176 sivero

274 1241 341 1282 aare
363 1222 514 1293 volumus,
535 1223 708 1281 desiderant.
748 1220 825 1294 Quid
847 1222 932 1293 enim,
954 1222 978 1280 si
999 1223 1055 1281 hoa
1076 1225 1313 1300 expugnaverint,

274 1347 302 1386 tu
335 1328 515 1385 teumbunt?
571 1330 731 1387 Recensete
768 1329 865 1385 auimo
903 1328 1053 1386 muliebria
1088 1329 1166 1401 iura,
1209 1330 1313 1405 quibus

274 1435 396 1492 aunam
433 1453 532 1492 esrum
566 1434 748 1509 alligaverint
778 1434 904 1492 maiores
939 1436 1041 1506 rastri,
1083 1455 1135 1512 per
1168 1454 1232 1511 qnae
1266 1455 1313 1494 ear

274 1539 429 1599 ,biaoarint
470 1539 553 1609 viris;
580 1527 699 1614 'quibus
741 1541 874 1598 omnibns
916 1542 1085 1599 constrictas
1126 1542 1176 1599 vix
1215 1552 1312 1600 tamen

274 1646 401 1704 attinere
427 1645 557 1722 potestis.
604 1643 701 1717 Quid?
734 1645 759 1702 si
791 1663 910 1720 carpere
941 1646 1054 1722 singula
1087 1655 1114 1705 et
1142 1647 1341 1721 extorquere?

275 1751 414 1825 aequari
442 1753 480 1807 ad
503 1761 661 1809 extremum
682 1752 752 1808 viris
774 1751 937 1826 patiemini,
962 1752 1126 1810 tolerabiles
1153 1752 1236 1809 vobis
1262 1770 1312 1809 eas

275 1875 310 1914 re
323 1854 466 1912 creditis?
513 1856 679 1932 Extemplo,
700 1857 785 1914 simul
805 1876 890 1932 pares
906 1874 969 1913 esse
985 1858 1131 1934 coeperint,
1152 1858 1312 1932 superiores

274 1972 341 2022 unt.
393 1962 439 2019 At
458 1962 587 2032 hercule,
615 1982 652 2019 ne
673 1963 741 2037 qnid
762 1980 870 2019 novum
892 1963 921 2018 in
943 1980 993 2019 eas
1013 1974 1145 2038 rogetur,
1164 1964 1343 2031 recusant;3

274 2081 306 2126 ott
323 2066 384 2137 ins,
404 2066 458 2123 sed
475 2066 826 2143 iniuriam'depreeantur.
872 2067 967 2125 Immo
986 2078 1026 2139 ut,
1050 2088 1136 2144 qnam
1155 2068 1342 2143 accepistis,4

274 2172 374 2230 ssistis
403 2170 549 2248 suffragiis
575 2174 678 2231 vestris
704 2174 813 2249 legem,
846 2192 934 2249 quam
962 2193 1015 2232 nsu
1048 2185 1091 2232 tot
1118 2192 1258 2230 annornm
1285 2182 1314 2230 et

274 2278 431 2354 metiendo
453 2281 678 2355 comprobastis,
699 2281 774 2337 hanc
796 2290 828 2338 ut
849 2281 1012 2355 abrogatis,
1041 2280 1149 2351 idest,
1176 2288 1207 2337 ut
1226 2298 1312 2337 uuam

274 2384 382 2444 tllendo
410 2384 504 2459 legem
534 2396 644 2443 ceteras
670 2386 828 2448 infirmetis.
874 2386 965 2443 Nulla
991 2386 1039 2443 lex
1065 2385 1136 2443 satis
1162 2386 1343 2447 commoda5

274 2491 389 2551 uibus
409 2500 469 2560 est3
490 2491 521 2549 id
542 2491 629 2549 modo
652 2491 796 2566 quaritur,
817 2491 842 2548 si
863 2492 966 2550 maiori
987 2492 1063 2569 parti
1085 2502 1114 2549 et
1131 2492 1161 2549 in
1172 2508 1313 2551 summam

274 2599 382 2657 mest.
416 2597 464 2665 si,
490 2598 568 2672 quod
590 2599 694 2673 cuique
715 2599 850 2674 privatim
872 2597 979 2656 officiet
999 2599 1059 2671 ius,
1080 2597 1110 2655 id
1133 2599 1314 2684 destruet-ac

274 2705 443 2774 molietur,
472 2703 541 2776 quid
567 2704 699 2760 attinebit
724 2704 872 2761 universos
898 2723 1004 2778 rogare
1024 2705 1118 2780 leges,
1149 2724 1221 2780 quas
1244 2723 1314 2761 mox

274 2807 416 2884 langare,
445 2809 475 2865 in
503 2828 577 2883 quos
603 2809 669 2866 latae
695 2820 776 2876 sunt,
802 2808 931 2883 possint?
978 2811 1056 2867 Volo
1081 2821 1177 2868 tamen
1205 2811 1344 2881 andire,6

274 2913 326 2987 pit
345 2915 401 2985 sit,
427 2915 645 2990 propterquod
666 2924 805 2971 matrona
826 2924 1013 2970 consternatae
1034 2917 1264 2989 procucurrerint
1285 2916 1315 2973 in
1340 2960 1342 2966 a

274 3020 403 3079 tablicm
431 3040 466 3078 ao
488 3021 539 3076 rix
568 3019 634 3077 foro
661 3039 693 3077 se
720 3031 749 3077 et
770 3021 903 3077 contione
922 3020 1096 3082 abstineant.
1144 3023 1186 3082 Ut
1208 3023 1344 3098 captivit

274 3125 299 3181 sb
317 3125 483 3184 Hannibale
503 3126 681 3183 redimantur
701 3136 844 3200 parentes,
865 3126 930 3196 viri,
950 3126 1047 3197 liberi,
1070 3127 1175 3185 fratres
1196 3127 1315 3186 earnm?

274 3227 367 3287 Procul
398 3233 497 3303 abest,
531 3233 663 3306 absitque
694 3251 824 3307 semper,
859 3232 926 3288 talis
958 3230 1075 3289 fortuna
1106 3234 1149 3290 rei
1180 3233 1315 3309 publium

274 3334 315 3391 ad
333 3346 428 3394 tamen
450 3356 537 3412 quum
560 3335 629 3408 fuit,
656 3339 783 3412 negastis
809 3339 865 3395 hoc
889 3337 943 3412 piis
964 3338 1097 3412 precibus
1119 3358 1226 3396 earum.
1274 3343 1347 3402 Ass

275 3453 322 3495 mu
338 3441 429 3515 pietas
445 3461 499 3500 neo
516 3443 677 3501 sollicitudo
692 3464 745 3520 pro
760 3445 828 3514 suis,
851 3443 902 3500 sed
924 3443 1024 3519 religio
1046 3445 1242 3521 congregavit.
1255 3464 1317 3515 eas3

280 3550 382 3605 usuam
390 3536 498 3607 Idaeam
510 3568 529 3605 a
538 3550 708 3607 Pessinunte
719 3568 756 3606 ex
764 3549 893 3624 Phrygia
903 3549 1062 3606 venientem
1075 3545 1234 3625 accepturae
1243 3560 1318 3608 sunt.

282 3645 343 3719 Quid
366 3654 518 3712 bo'nestum
548 3656 626 3712 dieto
657 3655 760 3715 saltem
790 3654 924 3711 seditioni
955 3657 1139 3729 praetenditnr
1168 3655 1318 3714 muliebri?

286 3751 332 3819 „Ut
348 3776 417 3817 auro
439 3769 469 3817 et
488 3779 618 3836 purpura
638 3759 819 3839 fulgeamus“
848 3760 955 3834 inquit3
992 3772 1042 3831 „nt
1069 3762 1213 3837 carpentis
1238 3761 1348 3819 lestis?

286 3859 454 3939 uanusque
469 3866 581 3937 diebus,
601 3867 681 3923 velut
698 3866 906 3940 triumphantes
921 3868 957 3924 de
975 3867 1038 3942 lege
1048 3868 1125 3924 victa
1137 3879 1165 3925 et
1178 3869 1319 3942 abrogata

289 3969 404 4043 stupris
424 3981 454 4028 et
474 3974 579 4048 ereptis
600 3971 745 4047 suffragiis
766 3973 884 4043 vestris,
905 3992 958 4048 per
977 3976 1078 4030 urbem
1099 3965 1319 4044 vectemurrne

291 4062 346 4127 ullus
362 4076 460 4136 modus
481 4079 652 4153 sumptibus,
672 4097 709 4134 ne
730 4077 850 4133 luxuriae
871 4079 935 4135 sit.“
986 4078 1069 4154 Saepe
1090 4099 1136 4137 me
1154 4090 1318 4154 querentem
1392 4070 1413 4139 4

293 4166 493 4254 deleninarnm,
514 4196 591 4260 sape
611 4185 647 4241 de
668 4185 805 4254 virorum,
826 4202 880 4239 nee
901 4185 936 4240 de
955 4185 1136 4259 privatorum
1152 4184 1248 4253 modo,
1269 4184 1320 4240 sed

295 4274 358 4338 *lm
387 4288 611 4363 magistratuum·
634 4289 795 4363 sumptibus
825 4289 963 4361 audistis,
1000 4290 1178 4364 diversisque
1208 4289 1350 4346 duobns2
