3484 5025
444 504 483 560 90
683 501 762 550 Liber
779 500 922 553 XXXVII.
960 501 1007 563 (Δ.
1026 516 1052 552 u.
1072 515 1096 550 c.
1116 499 1190 564 565.)

349 686 496 761 23regni,
525 694 732 761 praepotentem
754 685 829 741 inter
850 682 960 741 Africae
986 702 1069 758 reges
1098 682 1216 741 fecistis.
1263 683 1325 759 Quo
1343 686 1437 744 tandem

399 790 488 865 igitur
516 808 569 847 nos
596 792 715 865 praemio
737 800 825 864 atque
846 791 957 846 honore
978 789 1058 863 digni
1088 788 1167 864 apud
1195 808 1250 847 vos
1275 808 1381 861 sumus,
1402 792 1439 865 qui

348 898 548 969 utnusquam
570 897 678 966 hostes,
699 915 814 970 semper
836 895 907 951 socii
928 892 1056 951 fuimus?
1085 895 1186 965 Pater,
1207 912 1272 968 ego,
1292 892 1388 951 fratres
1399 893 1440 951 nei

400 1018 457 1057 uon
480 1001 509 1056 in
528 1001 602 1057 Asia
621 1008 743 1070 tantum,
764 1000 918 1057 sedetiam
936 999 1037 1074 procul
1054 1000 1091 1055 ab
1109 998 1198 1056 domo
1215 999 1245 1055 in
1255 998 1440 1074 Peloponneso,

399 1106 429 1161 in
448 1106 573 1175 Boeotia,
595 1106 624 1162 in
645 1106 769 1176 AEtolia,
791 1105 930 1181 Philippi,
955 1104 1104 1174 Antiochi,
1128 1103 1261 1161 AEtolic'o
1283 1104 1365 1175 bello,
1383 1113 1441 1161 tent

347 1211 531 1284 25marique
553 1230 607 1285 pro
630 1211 714 1267 vobis
738 1230 821 1267 arma
842 1211 969 1267 tulimus.
1016 1210 1094 1282 Quid
1116 1229 1187 1285 ergo
1209 1208 1357 1285 postulas?
1385 1210 1442 1268 dicu

398 1315 513 1389 aliquis.
556 1316 632 1390 Ego,
645 1326 742 1390 patres
754 1315 919 1390 conscripti,
935 1316 1071 1389 quoniam
1083 1316 1181 1373 dicere
1194 1316 1294 1390 utique
1305 1316 1443 1374 volentibus

399 1419 481 1476 vobis
503 1421 663 1494 parendum
687 1433 740 1489 est,
761 1421 786 1477 si
808 1438 861 1477 vos
884 1440 919 1477 ea
941 1430 1036 1477 mente
1057 1421 1134 1477 ultra
1151 1421 1246 1477 Tauri
1267 1422 1335 1496 iuga
1350 1419 1443 1477 emostis

397 1525 595 1597 Antiochum,
627 1535 658 1582 ut
686 1525 740 1599 ipsi
767 1526 901 1582 teneretis
930 1544 979 1582 eas
1007 1536 1117 1596 terras,
1147 1526 1244 1582 nullos
1274 1526 1384 1583 accolas
1405 1542 1442 1581 nec

345 1626 534 1687 26finitimos
565 1632 673 1688 habere
707 1650 794 1706 quam
824 1650 879 1688 vos
912 1631 1006 1703 mulo,
1042 1617 1096 1689 nec
1130 1631 1191 1687 ulla
1225 1650 1258 1689 re
1289 1630 1347 1688 alia
1375 1630 1442 1687 tutius

345 1733 587 1810 27stabiliusquc
626 1757 746 1812 regnum
787 1757 883 1795 meum
922 1736 1049 1794 futurum
1089 1756 1194 1812 sper0;
1230 1736 1283 1793 sed
1319 1736 1343 1792 si
1379 1734 1442 1791 vobit

397 1840 536 1899 decedere
557 1842 624 1899 inde
646 1853 735 1917 atque
758 1843 900 1900 deducere
922 1842 1065 1899 exercitus
1086 1842 1116 1898 in
1134 1841 1234 1898 animo
1250 1850 1304 1911 est,
1324 1839 1441 1897 neminen

396 1945 556 2020 digniorem
569 1966 632 2004 esse
647 1967 684 2005 ex
695 1949 781 2005 sociis
794 1949 908 2019 vestris,
927 1948 976 2022 qni
991 1946 1067 2004 bello
1083 1965 1102 2001 a
1112 1946 1197 2001 vobis
1212 1956 1300 2020 parta
1311 1945 1441 2021 possideat,
1466 1937 1472 1948 '

343 2053 483 2124 28quam
514 2071 560 2108 me
590 2053 685 2110 dicere
714 2055 814 2113 ausim.
875 2058 918 2111 At
948 2053 1023 2109 enim
1054 2051 1240 2126 magnificum
1271 2062 1315 2109 est
1342 2051 1440 2107 liberare

396 2157 527 2214 civitates
554 2177 665 2217 servas.
708 2161 770 2230 Ita,
802 2160 922 2234 opinor,
954 2158 979 2216 si
1008 2157 1078 2213 nihil
1110 2157 1217 2213 hostile
1247 2159 1382 2215 adversus
1402 2170 1440 2212 vet

395 2260 540 2340 fecerunt3
562 2263 606 2319 sin
629 2274 725 2320 autem
748 2264 888 2321 Antiochi
910 2264 1002 2339 partis
1023 2261 1149 2332 fuerunt,
1172 2275 1283 2335 quanto
1306 2273 1348 2321 est
1366 2270 1441 2319 vestu

393 2368 548 2441 prudentia
569 2377 598 2429 et
620 2370 756 2443 aequitate
778 2370 893 2443 dignius
912 2369 999 2425 sociis
1014 2371 1087 2426 bene
1103 2367 1214 2425 meritis
1230 2385 1319 2442 quam
1334 2363 1439 2422 hostibus

392 2489 446 2529 vos
471 2472 660 2531 consulere?“

297 2565 339 2636 54
477 2579 572 2636 Grata
604 2580 698 2636 oratio
731 2581 807 2656 regis
844 2580 976 2654 patribus
1012 2578 1083 2649 fuit,
1119 2588 1147 2635 et
1182 2578 1271 2637 facilc
1304 2574 1438 2653 apparebat

361 2681 524 2740 2munifice
566 2686 664 2741 omnia
706 2696 734 2741 et
769 2704 915 2760 propenso
950 2685 1046 2742 animo
1080 2684 1220 2744 facturos.
1287 2678 1438 2756 Interposito

392 2789 606 2864 Smyrnaeorum
640 2791 736 2846 brevis
769 2791 876 2865 legatio
909 2801 969 2861 est,
1010 2792 1078 2865 quia
1111 2809 1170 2846 non
1206 2791 1312 2847 aderat
1345 2786 1436 2862 quidun

391 2894 582 2950 Rhodiorum.
648 2894 829 2953 Collaudatis
869 2898 985 2971 egregie
1024 2896 1198 2972 Smyrnaeis,
1246 2896 1325 2970 quod
1364 2889 1436 2950 omnit

348 3039 351 3046 .
390 2999 492 3054 ultima
513 3000 573 3072 pati
597 3019 683 3073 quam
705 3019 736 3056 se
758 3003 819 3076 regi
842 3002 957 3058 tradere
979 3002 1156 3070 maluissent,
1177 3001 1336 3058 introducti
1355 2991 1436 3057 Rhodii

361 3109 465 3163 3sunt.
524 3104 653 3176 Quorum
682 3107 815 3181 princeps
839 3108 1008 3182 legationis,
1041 3107 1181 3181 expositis
1210 3107 1302 3163 initiis
1330 3102 1437 3163 amicitie

390 3226 454 3264 cnm
491 3210 599 3283 populo
629 3213 762 3268 Romano
800 3213 967 3286 meritisque
993 3213 1173 3268 Rhodiorum
1204 3213 1336 3288 Philippi
1370 3209 1437 3286 prins,

359 3321 377 3373 4
390 3314 493 3370 deinde
505 3315 644 3372 Antiochi
663 3316 748 3386 bello,
772 3319 890 3386 „Nihil“
914 3319 1006 3392 inquit
1030 3318 1131 3386 ,nobis
1144 3326 1208 3373 tota
1223 3329 1326 3374 nostra
1339 3315 1437 3379 actione,

389 3431 488 3495 patres
510 3421 682 3495 conscripti,
712 3442 806 3496 neque
830 3422 974 3479 difficilius
996 3443 1090 3497 neque
1111 3424 1262 3480 molestius
1285 3432 1343 3492 est,
1371 3434 1437 3494 quam

360 3526 468 3599 5quod
488 3545 552 3583 cum
571 3528 701 3583 Eumene
718 3529 801 3584 nobis
817 3529 987 3603 disceptatio
1005 3539 1057 3597 est,
1082 3547 1146 3585 cum
1170 3547 1230 3602 quo
1253 3546 1312 3584 uno
1334 3524 1437 3582 maxine

389 3649 489 3704 regum
509 3642 538 3687 et
554 3631 690 3705 privatim
709 3633 828 3707 singulis
844 3642 881 3701 et,
905 3635 983 3707 qnod
1000 3635 1092 3709 magis
1109 3653 1162 3690 nos
1180 3643 1289 3703 movet,
1314 3631 1437 3708 publicum

359 3741 376 3795 6
390 3737 499 3791 civitati
514 3750 620 3792 nostrae
637 3738 793 3812 hospitium
811 3748 863 3799 est.
908 3738 1042 3797 Ceterum
1058 3760 1116 3796 nou
1132 3739 1221 3795 animi
1239 3739 1341 3808 nostri,
1362 3746 1437 3812 putres

389 3842 553 3916 conscripti,
573 3861 635 3913 nos,
652 3844 702 3898 sed
715 3863 809 3899 rerum
822 3853 936 3914 natura,
952 3865 1015 3919 quae
1027 3845 1228 3919 potentissima
1242 3857 1295 3916 est,
1314 3840 1437 3915 disiungit,

388 3956 419 4002 ut
442 3965 495 4002 nos
516 3947 599 4003 liberi
626 3948 712 4004 etiam
741 3949 863 4005 aliorum
893 3951 1034 4007 libertatis
1062 3970 1180 4007 causam
1208 3971 1346 4027 agamus,
1369 3961 1435 4022 reget

358 4057 473 4110 lserva
495 4052 593 4108 omnia
621 4063 649 4107 et
677 4054 806 4110 subiecta
835 4055 957 4130 imperio
987 4074 1040 4112 suo
1071 4075 1134 4112 esse
1158 4056 1259 4113 velint.
1302 4059 1433 4128 Utcunque

387 4163 484 4212 tamen
508 4175 555 4212 res
577 4160 733 4229 sehabet,
762 4160 855 4235 magis
876 4163 1052 4218 verecundia
1072 4173 1174 4218 nostra
1196 4163 1337 4221 adversus
1356 4177 1432 4236 regen
1476 4178 1479 4213 ε

386 4261 471 4317 nobis
495 4263 607 4333 obstat,
639 4282 725 4338 quam
754 4267 819 4341 ipsa
849 4268 1021 4342 disceptatio
1051 4278 1102 4326 aut
1130 4269 1215 4327 nobis
1247 4270 1380 4346 impedita
1400 4269 1431 4320 οὔ
1477 4248 1479 4253 ¹
