3484 5025
491 512 731 563 Ltoerxxxvm.
749 515 794 572 (Δ.
809 513 868 561 cnr.
885 516 954 572 res.)
1151 512 1206 590 tat

274 715 300 753 te
320 696 492 771 expulerunt
513 697 762 757 Lacedaemonios.
798 700 910 756 Terror
921 707 1019 754 tamen
1036 716 1150 753 omnem
1163 694 1281 779 marisii

274 821 292 857 n
313 820 395 859 oram
418 802 555 878 pervasit,
576 803 746 879 legatosque
766 804 956 878 communiter
967 813 996 860 et
1012 797 1132 859 castella
1153 800 1251 857 omnic

274 927 305 965 re
335 919 365 965 et
392 908 525 977 exsules,
557 909 661 983 quibus
687 910 728 967 ibi
757 910 903 967 domicilia
929 919 1026 979 erant,
1057 908 1097 964 ad
1126 907 1250 964 Achaeos

274 1023 337 1071 unt.
393 1014 593 1089 Philopoemen
623 1025 746 1090 praetor,
775 1016 833 1072 iam
860 1016 927 1073 inde
957 1016 994 1073 ab
1015 1014 1096 1071 initio
1119 1011 1250 1069 exsulum
1303 1002 1342 1074 31

274 1138 287 1176 e
313 1120 424 1177 amicus
456 1132 485 1177 et
519 1131 622 1178 auctor
655 1139 770 1196 semper
798 1122 915 1179 Achaeis
945 1119 1091 1178 minuendi
1121 1136 1191 1193 opes
1222 1127 1251 1173 et

275 1226 394 1282 ritatem
427 1227 734 1296 Lacedaemoniorum,
766 1227 918 1285 concilium
950 1226 1134 1301 querentibus
1162 1223 1250 1292 dedit,

275 1341 395 1406 tumque
415 1331 558 1390 referente
578 1352 614 1390 eo
635 1332 743 1390 factum
775 1343 834 1401 est,
863 1352 952 1408 quum
980 1332 1010 1389 in
1037 1332 1122 1388 fidem
1145 1329 1280 1387 Achae-2

296 1436 476 1513 tutelamque
500 1440 537 1495 T.
561 1438 713 1511 Quinctius
742 1448 771 1495 et
798 1438 926 1496 Romani
948 1438 1100 1495 Laconico
1122 1455 1180 1492 orae
1201 1454 1250 1491 ca·

295 1552 323 1598 et
347 1542 428 1599 vicos
449 1544 649 1612 tradidissent,
676 1554 720 1613 et,
743 1563 830 1619 quum
854 1545 999 1601 abstinere
1027 1544 1062 1600 iis
1084 1562 1120 1598 ex
1142 1540 1250 1599 foedere

274 1648 406 1723 daemonii
426 1650 579 1721 deberent,
609 1650 669 1707 Les
695 1651 777 1707 vicus
799 1661 985 1725 oppugnatus
1007 1662 1083 1707 esset
1100 1649 1250 1730 cedesque

274 1763 341 1825 tcta,
362 1754 412 1829 qui
425 1756 486 1812 eius
497 1756 540 1812 rei
552 1766 685 1813 auctores
699 1756 860 1831 affinesque
876 1766 980 1826 essent,
1001 1755 1057 1811 nisi
1078 1755 1251 1811 dederentur

274 1860 322 1929 eis,
355 1860 496 1917 violatum
525 1862 618 1921 videri
640 1861 743 1920 foedus.
789 1862 840 1920 Ad
869 1862 1070 1937 exposcendos
1090 1878 1142 1916 eos
1162 1858 1280 1933 legati3
1330 1939 1333 1944 Δ
1390 1925 1396 1931 ⁸

274 1965 337 2041 rplo
366 1967 604 2024 Lacedaemonem
635 1967 715 2024 missi
742 1978 818 2025 sunt.
866 1968 903 2023 ld
934 1957 1085 2043 imperium
1106 1965 1180 2022 adeo
1202 1984 1249 2021 su·

274 2090 311 2127 un
344 2082 373 2128 et
400 2072 549 2147 indignum
575 2072 805 2130 Lacedaemoniis
825 2074 919 2130 visum
939 2081 998 2141 est,
1020 2083 1060 2143 ut,
1082 2074 1107 2129 si
1129 2073 1249 2145 antique

274 2176 314 2233 tis
345 2175 464 2234 fortune
491 2188 584 2246 esset,
615 2179 693 2236 haud
725 2179 812 2236 dubie
844 2195 927 2234 arma
959 2178 1104 2253 extemplo
1137 2177 1249 2252 cepturi

274 2293 304 2339 tt.
359 2284 490 2341 Maxime
525 2295 621 2342 autem
654 2284 850 2341 consternavit
882 2302 932 2341 eos
965 2294 1072 2353 metus,
1104 2284 1128 2339 si
1160 2282 1279 2343 semell

274 2408 289 2447 s
310 2390 441 2466 imperiis
461 2390 623 2450 obediendo
644 2390 744 2465 iugum
766 2390 953 2465 accepissent,
974 2409 1020 2459 ne,
1041 2389 1072 2445 id
1093 2389 1251 2462 quodiam

274 2496 413 2554 noliretur
433 2496 649 2573 Philopoemen,
674 2496 822 2554 exsulibus
849 2497 1087 2554 Lacedaemonem
1112 2495 1248 2554 traderet.

274 2613 334 2660 ntes
355 2602 444 2677 igitur
463 2603 524 2673 ira,
555 2603 674 2678 triginta
701 2603 866 2659 hominibus
888 2601 1082 2673 exsectione,
1104 2621 1168 2659 cum
1191 2609 1281 2676 qua5

274 2709 377 2766 liorum
400 2709 499 2783 aliqua
520 2709 643 2766 societas
665 2708 877 2784 Philopoemeni
899 2717 987 2783 etque
1008 2709 1156 2767 exsulibus
1178 2718 1250 2778 erat,

274 2815 359 2882 t'ectis,
381 2815 579 2884 decreverunt,
599 2815 819 2872 renuntiandam
841 2815 1009 2872 societatem
1022 2816 1149 2885 Achaeis,
1170 2815 1251 2888 lega-

277 2941 295 2978 e
306 2920 454 2995 extemplo
466 2918 684 2995 Cephalleniam
706 2920 869 2988 mittendos,
893 2920 942 2994 qui
963 2921 1075 2977 consuli
1091 2923 1133 2979 M.
1145 2921 1251 2978 Fulvio

274 3046 299 3083 re
320 3025 462 3083 Romanis
492 3025 729 3083 Lacedaemonem
757 3027 896 3083 dederent
921 3037 1095 3101 orarentque
1117 3046 1199 3096 eum,
1220 3034 1282 3089 ut6

274 3143 302 3190 ct
330 3133 360 3188 in
386 3132 620 3207 Peloponnesum
647 3132 686 3187 ad
713 3132 813 3188 urbem
844 3133 1082 3188 Lacedaemonem
1109 3133 1139 3188 in
1165 3132 1250 3190 fidem

274 3256 394 3312 remque
420 3238 521 3314 populi
550 3237 677 3295 Romani
704 3237 911 3312 accipiendam.
962 3236 998 3293 Id
1024 3237 1075 3294 ubi
1104 3238 1191 3312 legati
1213 3238 1253 3295 ed
1303 3237 1345 3307 32

274 3362 319 3401 ecs
340 3342 511 3411 retulerunt,
530 3343 657 3399 omnium
680 3343 848 3412 civitatium,
870 3344 1007 3418 quaeeius
1024 3345 1138 3400 concilii
1159 3355 1251 3414 erant,

274 3468 334 3506 tnsu
362 3449 469 3506 bellum
502 3449 730 3505 Lacedaemoniis
756 3449 894 3505 indictum
925 3459 977 3505 est.
1029 3450 1077 3506 Ne
1105 3428 1251 3524 externplo

275 3566 349 3626 etur,
369 3556 463 3612 hiems
482 3555 626 3629 impediit;
652 3555 864 3612 incursionibus
892 3567 988 3613 tamen
1015 3555 1131 3631 parvis,
1160 3554 1282 3622 latro-2

279 3662 374 3736 magis
395 3681 483 3736 quam
509 3660 578 3717 belli
607 3661 709 3729 modo,
742 3680 800 3717 non
829 3672 908 3716 terra
934 3671 1063 3729 tentum,
1090 3661 1249 3717 sedetiam

274 3787 316 3825 tus
337 3787 357 3825 a
379 3766 453 3824 mari
478 3767 550 3823 fines
579 3785 678 3824 eorum
704 3768 821 3824 vastati.
864 3767 923 3823 Hic
943 3767 1082 3823 tumultus
1104 3769 1282 3836 consulem3

274 3876 425 3931 >onnesum
455 3873 590 3940 adduxit3
627 3874 764 3947 iussuque
791 3873 853 3929 eius
880 3873 946 3929 Elin
983 3875 1105 3930 concilio
1132 3874 1251 3940 indicto,

274 3978 406 4035 demonii
424 3980 462 4036 ad
482 3979 701 4054 disceptandum
723 3979 818 4036 exciti.
864 3979 976 4053 Magne
996 3979 1036 4036 ibi
1057 3999 1115 4036 non
1137 3980 1282 4054 discep·4

286 4085 390 4154 modo,
418 4085 471 4142 sed
494 4085 644 4142 altercatio
665 4084 735 4153 fuit,
763 4086 809 4142 cui
829 4084 946 4152 consul,
976 4104 1064 4160 quum
1087 4085 1159 4154 alia,
1180 4086 1252 4142 satis

274 4192 346 4248 tiose
364 4202 480 4266 partem
504 4201 657 4264 utramque
678 4188 815 4260 fovendo,
835 4191 947 4247 incerta
969 4192 1173 4266 respondisset,
1193 4211 1254 4248 una

274 4299 417 4368 otiatione,
439 4306 471 4352 ut
491 4295 568 4352 bello
590 4296 780 4366 abstinerent,
802 4297 894 4354 donec
914 4299 1039 4354 Romem
1061 4298 1099 4353 ad
1121 4309 1252 4354 senatum
