3484 5025
576 518 656 568 mser
672 518 772 570 xxxa
809 518 859 581 (A.
873 516 921 569 ca
936 518 1010 582 noo.)
1267 524 1285 576 5

257 698 406 768 Bruttios,
443 700 478 759 L.
509 700 617 757 Furius
647 701 794 776 Purpurio
823 700 964 759 Galliam.
1028 700 1155 775 Rogatio
1186 700 1222 757 de
1251 700 1359 758 bellos

257 803 453 862 Macedonico
479 804 582 879 primis
610 805 733 863 comitiis
762 805 800 862 ab
823 806 958 861 omnibus
978 803 1070 861 terme
1097 805 1232 861 centuriis
1254 806 1328 863 anti·

259 917 349 981 quata
370 917 425 965 est.
474 909 512 966 Id
542 928 630 983 quum
657 908 728 967 fessi
756 909 943 966 diuturnitate
969 917 997 965 et
1019 909 1163 982 gravitate
1184 908 1253 965 belli
1274 927 1329 967 sua

259 1021 361 1087 sponte
386 1012 522 1070 homines
550 1014 637 1071 tedio
665 1013 858 1088 periculorum
881 1014 1073 1087 laborumque
1094 1011 1237 1083 fecerant,
1266 1016 1357 1071 tuml

260 1114 294 1187 Q.
315 1116 437 1171 Baebius
458 1116 719 1193 tribunusplebis,
747 1117 825 1176 viam
852 1119 1001 1192 antiquam
1031 1117 1202 1174 criminandi
1229 1128 1327 1192 patres

261 1219 422 1294 ingressus,
450 1221 636 1279 incusaverat
660 1223 738 1280 bella
764 1240 801 1279 ex
827 1221 910 1278 bellis
931 1222 1005 1291 seri,
1036 1240 1073 1278 ne
1100 1240 1173 1297 pace
1199 1241 1326 1295 unquam

261 1322 313 1380 frui
333 1324 421 1399 plebs
442 1333 552 1399 posset.
597 1327 693 1400 AEgre
714 1346 778 1383 eam
800 1345 861 1384 rem
883 1327 963 1401 passi
984 1336 1099 1401 patres,
1126 1326 1359 1400 laceratusque5

262 1429 373 1503 probris
398 1430 431 1485 in
451 1439 557 1485 senatu
579 1429 710 1487 tribunus
731 1431 837 1505 plebis;
859 1441 889 1488 et
910 1431 1056 1488 consulem
1078 1449 1132 1506 pro
1154 1447 1186 1486 se
1208 1430 1329 1503 quisque

263 1534 386 1604 hortari,
427 1542 460 1590 ut
500 1534 537 1590 de
575 1534 694 1608 integro.
722 1536 840 1592 comitia
869 1536 1015 1610 rogationi
1046 1534 1171 1591 ferendae
1204 1535 1328 1591 ediceret

264 1640 475 1712 castigaretque
502 1639 655 1712 segnitiam
679 1639 779 1715 populi
802 1650 890 1713 atque
911 1639 1058 1708 edoceret,
1089 1645 1198 1710 quanto
1220 1637 1358 1697 damnod

266 1743 454 1816 dedecorique
488 1743 589 1800 dilatio
616 1763 652 1801 ea
680 1744 748 1801 belli
779 1743 879 1802 futura
906 1752 990 1801 esset.
1040 1741 1150 1800 Consul
1170 1741 1200 1798 in
1223 1760 1327 1817 eampo
1402 1740 1422 1806 ‘l

265 1847 366 1904 Martio
392 1847 536 1918 comitiis,
564 1850 734 1923 priusquam
765 1848 908 1905 centurias
938 1848 968 1904 in
998 1845 1168 1921 suffragium
1194 1846 1327 1915 mitteret,

268 1952 395 2008 contione
419 1951 575 2022 advocata,
598 1954 777 2027 ,Ignorare“
800 1953 895 2025 inquit
917 1952 1006 2022 „mihi
1021 1950 1167 2018 videmini,
1191 1950 1358 2022 Quirites,2

267 2073 324 2127 uon,
345 2065 447 2113 utinm
464 2055 571 2113 bellum
589 2074 627 2120 au
644 2076 746 2131 pacem
763 2056 907 2126 habeatis,
930 2074 984 2114 vos
1000 2054 1111 2113 consuli
1128 2054 1328 2126 (nequeenim

268 2157 379 2216 liberum
403 2160 437 2215 id
452 2160 538 2217 vobis
552 2161 706 2236 Philippus
726 2161 881 2236 permittet,
903 2162 952 2236 qui
973 2170 1052 2218 terra
1074 2160 1206 2232 marique
1227 2160 1329 2233 ingens
1415 2167 1420 2174 ⁴

269 2264 363 2321 bellum
376 2265 520 2337 molitur),
535 2266 596 2336 sed,
610 2275 707 2323 utrum
721 2266 752 2322 in
766 2265 971 2324 Macedoniam
986 2264 1114 2339 legiones
1127 2265 1328 2338 transportetis

271 2387 298 2426 sn
322 2373 425 2428 hostes
461 2370 491 2427 in
519 2370 635 2426 Italiam
663 2370 821 2445 accipiatis.
882 2372 950 2428 Hoc
978 2378 1117 2443 quantum
1146 2368 1272 2437 intersit,
1303 2368 1360 2427 sis

270 2491 407 2550 nunquam
439 2474 529 2546 alias,
567 2472 709 2552 [Punico]
738 2455 874 2550 proximo
901 2483 978 2534 certe
1007 2473 1082 2532 bello
1111 2472 1222 2549 experti
1249 2474 1328 2535 estis.

270 2579 330 2652 Quis
345 2581 425 2637 enim
442 2580 566 2649 dubitat,
588 2580 666 2654 quin,
682 2580 706 2637 si
721 2580 889 2655 Saguntinis
903 2581 1028 2639 obsessis
1039 2579 1183 2652 fidemque
1198 2589 1328 2636 nostram

270 2680 483 2758 inplorantibus
515 2684 638 2758 impigre
669 2684 832 2742 tulissemus
860 2703 962 2761 opem,
1001 2684 1076 2741 sicut
1109 2693 1207 2757 patres
1236 2685 1329 2742 nostri

270 2787 444 2846 Mamertinis
466 2788 602 2858 tulerant,
623 2799 715 2847 totum
738 2789 768 2846 in
789 2788 963 2864 Hispaniam
986 2788 1116 2844 aversuri
1137 2787 1243 2844 bellum
1265 2787 1328 2846 fue·

270 2891 366 2963 unns,
396 2893 478 2966 quod
504 2894 667 2950 cunctando
696 2912 761 2951 cum
788 2912 902 2952 summa
932 2893 1014 2949 clade
1036 2901 1138 2949 nostra
1158 2892 1188 2948 in
1210 2892 1328 2949 Italiam

222 2999 227 3012 '
272 2995 447 3070 accepimus?
494 2998 543 3054 Ne
570 2998 641 3055 illud
668 2999 783 3071 quidem
808 2999 929 3056 dubium
951 3006 1008 3067 est,
1039 2996 1109 3071 quin
1136 2998 1212 3054 hunc
1233 2997 1359 3070 ipsumd

272 3099 440 3175 Philippum,
462 3110 580 3175 pactum
601 3103 660 3159 iam
683 3122 735 3177 per
755 3103 867 3177 legatos
886 3101 1053 3174 litterasque
1070 3119 1135 3157 cum
1153 3099 1329 3170 Hannibale,

221 3188 222 3197 ἵ
272 3214 295 3260 ut
313 3205 342 3261 in
356 3206 478 3263 Italiam
499 3207 653 3278 traiiceret,
674 3207 762 3263 misso
783 3224 848 3262 cum
870 3206 963 3262 classe
978 3206 1113 3275 Laevino,
1135 3204 1184 3278 qui
1206 3205 1281 3261 ultro
1303 3204 1330 3260 ei

221 3296 222 3338 t
272 3307 367 3367 bellum
395 3309 533 3381 inferret,
561 3311 591 3367 in
612 3310 787 3369 Macedonia
809 3309 1039 3369 continuerimus.
1087 3310 1127 3366 Et
1155 3308 1233 3382 quod
1262 3314 1360 3367 tunch
1430 3390 1434 3398 .

221 3480 224 3497 .
272 3409 400 3486 iedmns,
434 3433 524 3488 quum
552 3417 666 3472 hostem
695 3414 891 3472 Hannibalem
922 3415 952 3470 in
974 3415 1063 3471 Italia
1084 3415 1271 3481 haberemus,
1300 3411 1331 3467 id

272 3533 346 3589 nunc,
366 3517 454 3593 pulso
477 3520 565 3577 Italia
587 3518 762 3589 Hannibale,
783 3519 903 3576 devictis
925 3516 1222 3592 Carthaginiensibus,
1244 3533 1329 3572 cunc·

272 3629 358 3681 amur
379 3622 500 3681 facere?
546 3624 700 3681 Patiamur
724 3623 925 3699 expugnandis
946 3622 1080 3691 Athenis,
1102 3621 1176 3677 sicut
1197 3619 1361 3694 Saguntoss

222 3800 223 3805 ἵ
272 3728 460 3802 expugnando
471 3711 667 3785 Hannibalem
680 3729 758 3804 passi
770 3746 879 3797 sumus,
894 3728 1046 3801 segnitiam
1063 3735 1192 3783 nostram
1206 3724 1331 3799 experiri

222 3823 223 3854 ³
272 3847 373 3905 regem3
409 3850 469 3888 non
499 3832 600 3906 quinto
629 3831 697 3888 inde
725 3850 839 3901 mense,
867 3832 1110 3904 quemadmodum
1138 3827 1360 3905 ab'Saguntol

222 3912 223 3917 ἵ
273 3933 429 4006 Hannibal,
460 3935 513 3993 sed
535 3935 634 4011 quinto
658 3934 753 4013 [inde]
776 3937 839 4007 die,
868 3955 956 4011 quam
983 3937 1020 3993 ab
1045 3935 1185 3994 Corintho
1212 3935 1332 3992 solverit

273 4055 361 4111 naves,
383 4039 414 4096 in
436 4039 555 4097 Italiam
576 4041 734 4115 perveniet.
772 4043 820 4098 Ne
841 4040 1025 4114 aequaveritis
1046 4040 1206 4097 Hannibali
1219 4040 1361 4115 Philip-8

273 4125 331 4215 pum
351 4163 406 4203 nec
423 4143 714 4220 Carthaginiensibus
726 4146 921 4215 Macedonas;
946 4147 1061 4221 Pyrrho
1080 4155 1156 4202 certe
1170 4145 1330 4218 aequabitis.

274 4247 428 4324 AEquobt'tis
443 4249 530 4308 dico?
573 4250 721 4324 Quantum
740 4252 786 4308 vel
804 4251 849 4310 vir
868 4251 932 4308 viro
950 4250 997 4306 vel
1014 4268 1085 4324 gens
1103 4250 1182 4326 genti
1200 4249 1331 4326 praestatl
