3484 5025
442 510 498 566 184
539 548 552 567 0
683 511 761 563 Liber
783 512 910 564 xxm.
948 513 1041 574 (Μ,
1064 515 1184 575 etot.)
1284 535 1287 543 ·

395 694 505 763 amnis,
547 697 651 755 dextra
681 708 764 774 parte
799 697 989 773 Calpurnius,
1025 698 1101 755 laeva
1135 696 1291 769 Quinctius
1322 696 1446 755 exercitus

383 799 601 873 traduxerunt,
634 804 731 878 quieto
760 806 860 873 hoste,
894 803 961 859 dnm
991 801 1114 859 miratur
1145 802 1274 859 subitum
1309 802 1444 859 adventum

394 905 607 981 consultatque,
629 911 678 984 qui
700 911 852 967 tumultum
876 908 993 965 iniicere
1007 882 1224 984 trepidantibus
1244 908 1274 964 in
1290 907 1354 982 ipso
1368 916 1445 964 traus-

345 1014 376 1067 tt
393 1008 434 1066 itu
467 1013 560 1069 amnis
587 1015 737 1087 potuisset.
787 987 1071 1082 Interim‘Romanh
1103 1012 1323 1086 impedimentis
1348 1031 1446 1087 quoque

394 1117 528 1173 omnibus
556 1120 695 1176 traductis
726 1120 940 1193 contractisque
972 1119 1002 1174 in
1034 1136 1123 1174 unum
1156 1118 1271 1187 locum,
1306 1117 1373 1191 quia
1400 1117 1446 1174 iau

394 1224 504 1278 moveri
532 1224 670 1287 videbant
701 1225 814 1283 hostem
847 1243 901 1283 nec
930 1224 1055 1299 spatium
1087 1232 1152 1279 erat
1180 1231 1283 1279 castra
1305 1223 1446 1279 communi·

345 1337 379 1391 12
394 1328 476 1393 endi,
510 1329 600 1385 aciem
623 1331 829 1388 instruxerunt.
878 1332 913 1388 In
941 1330 1036 1387 medio
1058 1329 1163 1385 locata
1185 1325 1291 1403 quinta
1315 1324 1446 1403 Calpurnii

392 1432 468 1507 legio
491 1444 519 1490 et
541 1446 646 1492 octava
671 1435 816 1508 Quinctii;
837 1437 868 1492 id
890 1437 980 1493 robur
1002 1435 1091 1492 totius
1113 1434 1260 1491 exercitus
1285 1441 1363 1502 erat3
1382 1452 1446 1490 can·

393 1556 460 1611 pum
486 1550 617 1614 apertum
641 1543 791 1615 usquead
824 1543 951 1599 hostium
977 1551 1074 1598 castra
1095 1541 1265 1609 habebant,
1299 1538 1447 1597 liberunt

393 1654 469 1720 metu
497 1645 675 1704 insidiarum.
723 1648 849 1723 Hispani
873 1656 1037 1721 postquam
1071 1645 1102 1701 in
1135 1644 1273 1701 citeriore
1300 1644 1371 1720 ripa
1400 1645 1445 1701 duc

392 1749 590 1807 Romanorum
613 1753 731 1827 agmina
752 1762 981 1827 conspexerunt,
1013 1762 1060 1821 ut,
1093 1750 1267 1826 priusquam
1293 1768 1326 1807 se
1346 1743 1455 1826 iungere¹

289 1855 291 1860 ’
391 1863 480 1928 atque
500 1856 642 1913 instruere
664 1868 791 1932 possent,
818 1834 994 1934 occuparent
1016 1875 1076 1924 eos,
1107 1854 1214 1912 castris
1237 1866 1360 1931 repente
1378 1855 1445 1914 effusi

361 1967 475 2022 2cursu
498 1962 535 2017 ad
559 1981 686 2037 pugnam
710 1966 838 2022 tendunt.
885 1968 983 2019 Atrox
1008 1962 1038 2017 in
1069 1960 1215 2035 principio
1230 1944 1373 2035 'proelinm
1395 1961 1445 2026 fuit

372 2067 420 2120 'et
445 2066 586 2141 Hispanis
606 2070 713 2126 recenti
736 2068 859 2125 victoria
887 2068 993 2124 inflatis
1026 2075 1054 2124 et
1085 2067 1202 2123 insueta
1225 2066 1385 2142 ignominia
1404 2066 1444 2123 ni·

360 2168 440 2234 alite
462 2173 597 2230 Romano
621 2193 753 2233 accenso.
802 2175 954 2232 Acerrime
976 2172 1180 2240 medietarias,
1209 2172 1277 2229 dure
1298 2172 1444 2231 fortissime

389 2273 518 2349 legiones
541 2280 731 2349 dimicabant3
754 2298 828 2354 quas
851 2298 940 2354 quum
958 2279 1042 2335 aliter
1067 2277 1178 2334 moveri
1201 2278 1271 2334 loco
1298 2298 1357 2336 non
1376 2296 1443 2355 posse

390 2382 481 2438 hostis
503 2396 641 2456 semera,
663 2404 754 2442 cuneo
776 2386 879 2443 institit
896 2404 1036 2460 pugnare,
1058 2393 1086 2440 et
1108 2401 1203 2457 nsque
1225 2383 1328 2457 plnres
1348 2382 1442 2440 confer·

359 2486 536 2562 altioresque
568 2491 679 2547 medios
712 2493 862 2566 urgebant..
922 2490 968 2547 Ibi
1006 2499 1162 2565 postquam
1197 2489 1439 2547 laborare'acien

342 2592 346 2599 ’
390 2591 565 2667 Calpurnius
587 2607 694 2673 praetor
719 2599 804 2666 vidit,
839 2597 869 2653 T.
893 2595 1078 2670 Quinctilium
1102 2595 1218 2650 Varum
1243 2606 1273 2652 et
1295 2596 1334 2652 L.
1356 2597 1439 2653 luven-

390 2699 459 2754 tium
481 2703 626 2760 Thalnam
650 2704 763 2776 legatos
796 2704 834 2759 ad
866 2702 996 2776 singulae
1016 2693 1146 2775 legiones
1168 2701 1372 2758 adhortandas
1389 2719 1438 2776 pm

360 2810 458 2877 5perc
482 2809 581 2874 mittin
613 2810 717 2866 docere
749 2820 778 2866 et
811 2828 928 2865 monere
957 2807 1050 2875 iubet,
1082 2807 1110 2862 in
1142 2805 1200 2871 illis
1233 2825 1317 2880 spem
1347 2815 1436 2862 omnen

390 2909 522 2968 vincendi
545 2923 573 2968 et
594 2915 751 2971 retinendae
776 2915 927 2989 llispaniae
947 2931 1024 2980 esse3
1056 2911 1082 2967 si
1102 2910 1144 2967 illi
1165 2911 1235 2968 loco
1258 2912 1376 2979 cedant,
1402 2929 1437 2966 ne·

391 3015 496 3071 minem
520 3018 580 3074 eius
603 3023 746 3078 exercitus
768 3040 825 3076 non
850 3020 936 3075 modo
958 3018 1085 3084 Italiam,
1106 3016 1157 3072 sed
1181 3035 1220 3072 ne
1243 3019 1322 3092 Tagi
1345 3018 1436 3092 quidem

270 3122 272 3125 ’
359 3120 554 3178 6ulteriorcm
578 3126 673 3201 ripam
697 3145 823 3199 unquam
847 3125 986 3181 visurum.
1037 3124 1103 3196 lpse
1126 3141 1192 3178 cum
1217 3124 1362 3196 equitibus
1383 3125 1435 3179 dua·

389 3246 452 3284 rum
485 3230 630 3304 legionum
664 3233 781 3306 paulum
816 3231 1024 3287 circumvectus
1051 3229 1080 3284 in
1102 3245 1227 3284 cuneum
1252 3231 1383 3297 hostium,
1401 3227 1436 3301 qui
1477 3256 1480 3317 Ξ

360 3335 513 3392 'lmediam
549 3340 671 3412 urgebat
703 3338 811 3406 aciem,
845 3337 882 3392 ab
915 3336 1006 3391 latere
1037 3333 1166 3392 incurrit.
1219 3334 1370 3406 Quinctius
1388 3351 1435 3390 cun
1478 3332 1480 3377 ἷ

390 3441 449 3496 suis
472 3443 616 3515 equitibus
639 3443 759 3500 alterum
783 3443 908 3500 hostium
931 3441 1007 3497 latus
1018 3438 1137 3496 invadit.
1171 3438 1234 3496 Sed
1255 3440 1343 3515 longe
1363 3439 1436 3496 acrius

359 3544 579 3620 SCalpurniani
602 3549 713 3623 equites
735 3550 914 3624 pugnabant,
944 3556 972 3602 et
993 3555 1101 3620 praetor
1123 3555 1193 3602 ante
1216 3544 1307 3616 alios3
1339 3563 1397 3601 nam
1416 3551 1436 3596 et

389 3653 500 3739 primus
522 3655 633 3710 hostem
656 3657 798 3729 percussit
830 3664 858 3710 et
890 3654 931 3709 ita
961 3671 993 3708 se
1016 3652 1170 3708 immiscuit
1193 3652 1314 3721 mediis,
1346 3663 1374 3708 ut
1391 3649 1435 3709 vix«

358 3759 481 3817 9u'trius
505 3761 596 3832 partis
618 3770 709 3828 esset,
743 3761 823 3816 nosci
845 3768 952 3834 posset.
999 3758 1039 3814 Et
1061 3756 1172 3830 equites
1194 3757 1330 3831 praetoris
1351 3753 1436 3812 eximia

389 3862 495 3919 virtute
517 3877 545 3920 et
567 3866 693 3937 equitum
719 3866 831 3939 pedites
854 3863 967 3920 accensi
990 3873 1064 3919 sunt.
1107 3861 1213 3918 Pudor
1236 3862 1328 3918 movit
1348 3860 1434 3936 primos

388 3966 585 4038 centuriones,
618 3972 666 4044 qui
699 3972 773 4027 inter
806 3971 863 4026 tela
892 3969 1017 4025 hostium
1050 3976 1205 4041 praetorem
1229 3970 1434 4042 conspexerunt

389 4074 488 4146 itaque
511 4093 613 4148 urgere
634 4077 788 4154 signiferos
815 4095 868 4150 pro
899 4093 930 4131 se
953 4074 1090 4147 quisque,
1108 4071 1225 4139 ,iubere
1246 4071 1353 4129 inferre
1371 4068 1435 4141 signa

339 4185 418 4239 loct
439 4179 590 4237 confestim
614 4183 731 4239 militem
754 4181 845 4255 sequi.
892 4183 1063 4237 Renovatur
1095 4178 1133 4235 ab
1165 4176 1305 4234 omnibus
1331 4177 1434 4232 clamor:

388 4260 512 4358 impetus
544 4290 576 4345 fit
608 4290 687 4345 velut
709 4307 745 4345 ex
768 4287 918 4361 superiore
938 4285 1012 4343 loco.
1057 4284 1147 4340 Haud
1169 4301 1258 4341 secus
1278 4303 1346 4360 ergo
1366 4295 1433 4355 quam
1475 4312 1480 4321 ·
