3484 5025
609 505 688 557 Liber
704 506 803 558 xm
844 505 893 570 (Δ.
907 501 955 565 ca
969 506 1045 570 seo.)
1283 512 1317 566 15

292 687 354 744 suis
376 687 548 758 nutricibus,
567 688 597 743 in
618 688 770 763 gymnfflo
790 687 899 746 includi
920 688 1059 758 iuberent,
1085 706 1187 745 aurum
1212 697 1240 746 et
1256 695 1391 764 argon-6

291 801 354 848 tum
378 792 410 847 iu
430 790 526 849 iorum
556 792 678 863 deferri,
709 780 819 850 vestem
853 793 1011 867 pretiosam
1042 791 1073 847 in
1101 811 1192 850 naves
1213 795 1359 860 Rhodiam

294 894 545 970 Cyziceuamqne,
567 913 631 969 quae
651 897 681 952 in
701 905 788 971 portu
811 906 909 968 erant,
937 896 1054 967 coniici,
1085 899 1252 955 sacerdotes
1275 898 1360 965 victi-

293 1017 417 1073 masque
438 999 546 1057 adduci
567 1008 596 1055 et
616 1000 720 1057 altaria
742 1001 772 1057 iu
794 1002 889 1058 medio
908 1002 988 1077 poni.
1047 1001 1095 1058 lbi
1109 1001 1210 1060 delecti
1224 1003 1389 1077 primuml

294 1104 358 1176 qui,
389 1104 442 1161 ubi
469 1122 573 1163 emam
602 1104 695 1161 aciem
716 1123 835 1161 suorum
868 1124 923 1180 pro
953 1106 1048 1162 diruto
1074 1095 1160 1162 muro
1182 1116 1359 1181 pugnantem

295 1208 451 1279 vidissent,
485 1208 631 1296 extemplo
664 1209 800 1284 coniuges
826 1210 992 1284 liberosque
1013 1210 1219 1280 interficerent,
1247 1215 1390 1282 aarum,8

297 1319 449 1385 argentum
470 1320 649 1386 vestemque,
668 1332 732 1387 quae
751 1314 782 1370 in
804 1314 928 1371 navibus
950 1322 1035 1385 esset,
1054 1315 1084 1372 in
1100 1334 1180 1371 mure
1195 1314 1371 1386 deficerent.

295 1416 376 1472 tectis
399 1416 523 1491 publicis
544 1418 738 1492 privatisque,
767 1437 854 1493 quam
877 1419 1008 1492 plurimis
1030 1419 1103 1476 locis
1123 1428 1257 1495 possent,
1278 1420 1359 1494 ignes

296 1521 484 1589 subiicereut3
518 1521 549 1578 id
579 1540 612 1579 se
643 1521 755 1579 facinus
782 1532 1020 1597 perpetraturos,
1051 1524 1245 1599 praeeuntibus
1278 1527 1390 1582 exse-9

297 1626 402 1683 arabile
425 1644 543 1683 carmen
563 1627 773 1697 sacerdotibus,
792 1626 854 1684 iure
875 1627 998 1685 iurando
1015 1630 1123 1701 adacti;
1150 1638 1210 1686 tum
1228 1628 1360 1686 militaris

297 1738 364 1787 aetas
386 1730 483 1801 iurat,
513 1731 656 1789 neminem
690 1732 788 1808 vivum
820 1731 876 1788 nisi
903 1732 1042 1790 victorem
1072 1735 1134 1792 acie
1163 1752 1358 1794 excessurum.

298 1834 336 1891 Hi
350 1853 496 1892 memores
521 1836 640 1892 deorum
662 1837 736 1893 adeo
760 1836 947 1911 pertinaciter
969 1848 1181 1913 pugnaverunt,
1205 1849 1245 1909 ut,
1270 1858 1358 1914 quum
1375 1842 1410 1895 10

298 1939 429 2013 proelium
450 1958 512 1996 nox
529 1940 708 2015 diremptura
729 1950 814 2011 esset,
837 1960 890 1998 rex
911 1941 1000 2015 prior,
1022 1943 1139 2000 territus
1152 1942 1233 1999 rabie
1248 1960 1358 2011 eorum,

299 2062 394 2118 pugna
421 2044 574 2101 abstiterit.
629 2044 795 2119 Principes,
827 2046 932 2119 quibus
964 2046 1092 2103 atrocior
1122 2065 1191 2121 pars
1220 2045 1357 2103 facinoris
1373 2050 1405 2104 ll

300 2146 429 2222 delegata
458 2156 536 2218 erat,
567 2167 654 2221 quum
677 2167 788 2223 paucos
810 2159 839 2206 et
860 2149 1008 2206 confectos
1028 2150 1195 2209 vulneribus
1218 2169 1254 2208 uc
1275 2150 1358 2207 lassi-

301 2252 392 2309 tudine
418 2270 572 2327 superesse
592 2254 694 2328 proelio
717 2263 876 2323 cernerent,
904 2253 969 2311 luce
990 2254 1085 2328 prima
1105 2255 1270 2314 sacerdotes
1287 2268 1358 2311 ‘cum

255 2410 257 2414 ,
304 2356 390 2414 infulis
414 2358 453 2413 ad
475 2357 575 2413 urbem
598 2357 757 2414 dedendam
780 2358 918 2432 Philippo
941 2359 1065 2420 mittunt.

376 2463 459 2520 Ante
486 2461 660 2519 deditionem
689 2481 726 2518 ex
754 2461 789 2519 iis
813 2462 932 2537 legatis,
967 2462 1017 2536 qui
1037 2463 1265 2520 Alexandream.
1279 2460 1358 2518 missi
1407 2452 1451 2520 18

255 2630 257 2637 ,
307 2577 387 2637 eunt,
411 2568 455 2627 M.
475 2566 614 2626 AEmiliue
636 2567 723 2624 trium
744 2585 896 2637 consensu,
917 2568 1052 2624 minimus
1066 2578 1159 2639 natu,
1182 2569 1281 2626 audita
1303 2568 1357 2624 ob-

255 2656 259 2677 *
307 2670 407 2728 sidione
421 2672 643 2746 Abydenorum,
665 2672 703 2728 ad
724 2674 893 2748 Philippum
913 2673 1000 2732 venit.
1050 2672 1107 2745 Qui
1123 2681 1241 2746 questus
1254 2668 1388 2733 Atta102

308 2775 478 2849 Rhodiisque
499 2794 582 2832 arma
608 2777 700 2848 illata,
732 2787 761 2835 et
793 2779 871 2852 quod
903 2786 964 2834 tum
992 2777 1119 2834 maxime
1140 2777 1279 2852 Abydum
1305 2795 1357 2850 op·

309 2891 448 2954 pugnaret,
470 2898 559 2954 quum
579 2899 632 2937 rex
654 2881 692 2937 ab
707 2883 810 2938 Attalo
831 2890 858 2936 et
874 2880 996 2938 Rhodiis
1018 2881 1094 2936 ultro
1115 2898 1147 2936 se
1168 2880 1244 2938 bello
1266 2881 1357 2937 laces·

310 2984 382 3042 situm
403 2986 527 3055 diceret,
560 2985 658 3054 „Num
680 2985 817 3060 Abydeni
838 2989 972 3059 quoque“
996 2986 1090 3060 inquit
1113 2985 1206 3054 ,ultro
1234 2984 1287 3041 tibi
1313 2984 1357 3039 in·

312 3089 422 3146 tulerunt
451 3087 572 3146 arma?“
621 3089 739 3147 Insueto
775 3108 846 3159 vera
879 3089 978 3145 audire
1010 3088 1135 3146 ferocior
1166 3089 1260 3146 oratio
1293 3087 1387 3144 visa3

313 3202 367 3263 est,
388 3212 476 3269 quam
505 3213 570 3268 quae
598 3194 734 3250 habenda
762 3195 840 3268 apud
860 3213 960 3268 regem
981 3204 1065 3250 esset.
1115 3195 1241 3264 „AEtas“
1264 3193 1358 3266 inquit

316 3305 350 3363 ,et
377 3297 474 3354 forma
504 3307 533 3355 et
566 3316 653 3371 super
682 3298 779 3354 omnia
800 3300 964 3356 Romanum
997 3317 1102 3355 nomen
1130 3297 1159 3355 te
1185 3297 1357 3354 ferociorem

315 3396 377 3462 lacit.
422 3404 488 3477 Ego
510 3401 752 3475 autem-primum
776 3402 863 3460 velim
886 3421 941 3460 vos
964 3402 1106 3459 foederum
1130 3420 1272 3459 memores
1295 3402 1387 3457 ser-4

316 3519 371 3563 aare
389 3525 501 3564 mecum
522 3523 639 3581 paeem;
667 3505 711 3563 sin
733 3506 810 3563 bello
831 3507 988 3577 lacessitis,
1015 3507 1085 3564 mihi
1107 3523 1223 3579 quoque
1245 3504 1357 3559 animos

317 3606 395 3683 lacere
420 3620 450 3668 et
475 3628 596 3685 regnum
618 3618 647 3666 et
667 3611 861 3668 Macedonum
884 3631 1004 3681 nomen,
1036 3610 1115 3667 haud
1145 3608 1240 3664 minus
1270 3625 1357 3680 quam

254 3728 258 3760 ³
318 3711 460 3774 Romanum
491 3714 603 3784 nobile,
638 3715 794 3772 sentietis.“
853 3716 901 3771 Ita
923 3715 1042 3772 dimisso
1066 3714 1173 3788 legato,
1194 3712 1388 3786 Philippue,5

255 3831 261 3865 ἑ
320 3834 374 3876 auro
392 3827 585 3894 argentoque,
618 3837 682 3893 quse
709 3827 883 3876 coacervata
909 3827 1008 3889 erent,
1039 3825 1176 3890 accepto,
1207 3816 1357 3872 hominum

254 3946 263 3970 «-
320 3923 426 3991 iredum
447 3940 563 3980 omnem
585 3922 690 3981 amisit.
743 3923 842 3979 Tanta
864 3922 939 3986 enim
962 3923 1058 3980 rabies
1080 3920 1289 3977 multitudinem
1312 3919 1388 3987 iri-6

254 4038 265 4074 1
320 4026 385 4096 vuit,
405 4036 436 4084 ut
458 4023 615 4101 [repente]
637 4027 769 4101 proditos
790 4027 855 4097 rati,
879 4027 928 4101 qui
951 4036 1113 4101 pugnantes
1136 4033 1258 4081 mortem
1272 4040 1357 4079 occu-

254 4128 267 4179 l
322 4122 442 4202 babeant,
472 4130 688 4205 periuriumque
711 4131 785 4188 alius
807 4131 856 4188 alii
877 4133 1087 4204 exprobrantes
1109 4138 1137 4186 et
1159 4127 1358 4184 sacerdotibus

254 4244 267 4281 l
322 4234 442 4308 haume,
465 4236 525 4310 qui,
546 4253 620 4310 quos
642 4236 680 4292 ad
701 4244 823 4294 mortem
847 4233 1041 4305 devovissent,
1063 4251 1163 4290 eorum
1184 4232 1358 4289 deditionem
