3484 5025
481 505 536 559 140
729 499 808 550 Liber
825 497 951 553 XXXIV.
987 500 1029 566 (Δ.
1044 514 1070 550 u.
1082 515 1104 550 c.
1119 501 1190 566 559.)

341 687 380 754 Π
517 685 634 742 Interim
658 686 693 745 P.
703 685 829 742 Manlius
850 695 966 761 praetor,
987 685 1114 743 exercitu
1134 696 1231 743 vetere
1252 705 1272 745 a
1293 686 1329 761 Q.
1352 686 1476 758 Minucio,

435 790 480 848 cui
499 801 684 863 successerat,
706 802 835 867 accepto,
861 791 996 849 adiuncto
1018 800 1048 848 et
1067 792 1146 867 App.
1169 789 1284 850 Claudii
1305 793 1429 852 Neronis
1446 812 1476 852 ax

433 896 568 954 ulteriore
589 897 733 973 Hispania
759 907 855 955 vetere
877 897 945 954 item
966 896 1106 969 exercitu,
1136 897 1166 954 in
1188 899 1400 957 Turdetaniam
1418 917 1474 974 pro·

405 1000 576 1061 lficiscitur.
632 1000 767 1060 Omnium
800 1003 998 1078 Hispanorum
1031 1003 1155 1060 maxime
1186 1004 1317 1062 imbelles
1348 1005 1478 1063 habentur
1501 1013 1503 1020 '

434 1108 605 1177 Turdetani;
634 1106 699 1164 freti
725 1117 821 1165 tamen
850 1106 1029 1166 multitudine
1050 1127 1104 1165 sua
1124 1110 1240 1167 obviam
1264 1111 1360 1169 ierunt
1381 1110 1475 1187 agmini

403 1216 575 1274 3R0mano.
625 1214 723 1288 Eques
753 1213 897 1270 immissus
924 1214 1050 1272 turbavit
1080 1217 1223 1291 extemplo
1253 1216 1346 1274 aciem
1377 1235 1473 1275 eorum.

433 1320 572 1377 Pedestre
592 1320 723 1396 proelium
745 1319 849 1376 nullius
867 1318 958 1377 ferme
972 1321 1135 1378 certaminis
1149 1320 1215 1393 fuit;
1237 1322 1343 1379 milites
1363 1330 1473 1394 'retorta

402 1426 516 1501 ‹tperiti
536 1427 660 1483 hostium
683 1425 822 1499 bellique,
849 1424 928 1482 haud
950 1425 1066 1483 dubiam
1088 1445 1214 1503 pugnarn
1235 1426 1376 1486 lecerunt.
1422 1428 1472 1486 Nat

431 1542 528 1589 tamen
561 1552 596 1589 ea
626 1550 725 1608 pugna
756 1531 929 1589 debellatum
964 1541 1019 1603 est;
1055 1533 1153 1591 decem
1189 1533 1279 1591 millia
1312 1532 1475 1592 celtibera·

432 1640 562 1697 mercede
583 1639 706 1697 Turduli
727 1638 899 1709 conducunt,
921 1637 1077 1714 alienisque
1099 1639 1186 1697 armis
1207 1648 1314 1715 parant
1335 1640 1444 1698 bellum.

403 1753 419 1806 5
515 1743 624 1802 Consul
654 1744 766 1801 interim
798 1744 953 1801 rebellione
985 1745 1221 1821 Bergistanorum
1253 1746 1342 1818 ictus,
1399 1768 1458 1795 ιν

432 1868 547 1924 quoque
576 1848 706 1906 civitates
734 1858 815 1906 ratus
843 1868 896 1924 per
923 1850 1103 1909 occasionem
1126 1851 1202 1909 idem
1231 1852 1375 1924 facturas,
1408 1879 1412 1901 ι
1474 1864 1477 1867 ’

402 1954 564 2018 (temnibus
585 1956 626 2012 cis
646 1957 787 2014 Hiberum
808 1956 949 2031 Hispanis
976 1956 1091 2027 adimit,
1120 1976 1207 2031 quam
1230 1976 1290 2014 rem
1314 1957 1388 2015 adeo
1414 1983 1442 2024 »χ

432 2061 595 2137 passisunt,
607 2073 638 2119 ut
650 2062 730 2120 multi
742 2072 862 2120 mortem
873 2060 988 2118 sibimet
998 2061 1053 2137 ipsi
1065 2062 1283 2133 consciscerent,
1293 2061 1436 2139 leroxg

403 2178 417 2230 7
431 2166 538 2225 nullam
554 2167 642 2225 vitam
657 2169 713 2225 rati
727 2168 788 2226 sine
803 2167 891 2226 armis
906 2184 976 2223 esse.
1013 2164 1098 2238 Quod
1121 2167 1169 2223 ubi
1191 2166 1301 2223 consuli
1322 2168 1447 2225 nuntia
1468 2188 1480 2228 ,³

431 2284 487 2343 est,
514 2284 661 2331 senatores
687 2275 813 2330 omnium
842 2273 999 2330 civitatium
1027 2273 1064 2329 ad
1091 2290 1124 2329 se
1149 2272 1249 2330 vocari
1271 2272 1369 2344 iussit,
1397 2275 1483 2348 atqu¹⁴

430 2378 465 2435 iis
488 2380 575 2448 „Non
596 2384 713 2437 nostra“
744 2379 837 2454 inquit
859 2378 971 2453 „magis
995 2398 1081 2453 quam
1108 2388 1206 2435 vestra
1226 2377 1324 2449 refert,
1352 2396 1404 2436 vos
1429 2405 1448 2427 ιι
1472 2388 1490 2407 “

402 2485 579 2557 8rebellare,
601 2486 625 2542 si
637 2486 751 2561 quidem
768 2485 798 2542 id
813 2484 922 2543 maiore
936 2484 1132 2560 Hispanorum
1148 2485 1225 2543 malo
1242 2503 1329 2560 quam
1342 2484 1450 2544 exerc‘
1471 2513 1481 2528 2

432 2590 557 2647 Romani
577 2589 677 2647 labore
698 2610 811 2666 semper
832 2591 926 2649 adhuc
947 2575 1055 2649 lactum
1077 2603 1129 2650 est.
1176 2591 1211 2649 Id
1233 2602 1265 2649 ut
1286 2612 1323 2649 ne
1343 2594 1403 2664 flat,
1421 2598 1475 2649 uuo'

432 2697 519 2753 modo
535 2696 660 2754 arbitror
673 2697 769 2754 caveri
783 2715 878 2772 posse,
893 2698 917 2754 si
932 2696 1063 2755 effectum
1080 2698 1141 2768 erit,
1156 2716 1192 2754 ne
1206 2698 1323 2774 possitis
1333 2699 1401 2756 rebe
1426 2725 1428 2745 ι
1455 2737 1457 2741 -

401 2802 511 2861 9Volo
531 2802 561 2859 id
583 2822 670 2877 quam
692 2803 860 2860 mollissima
881 2803 930 2860 via
951 2804 1096 2879 consequi.
1132 2803 1195 2860 Vos
1218 2823 1334 2880 quoque
1356 2806 1384 2862 in
1403 2822 1435 2862 aa
1465 2801 1492 2846 f

431 2908 550 2965 consilio
580 2929 626 2966 me
660 2910 808 2979 adiuvate;
842 2909 951 2967 nullum
981 2910 1114 2968 libentius
1140 2928 1255 2984 sequar,
1287 2928 1374 2985 quam
1404 2928 1487 2984 qm*

384 3022 418 3075 te
431 3026 543 3073 vosmet
556 3015 611 3091 ipsi
623 3008 803 3075 attuleritis.“
837 3015 1015 3073 Tacentibus
1029 3016 1153 3091 spatium
1168 3034 1199 3073 se
1214 3018 1251 3073 ad
1268 3016 1483 3074 deliberando!-

383 3127 414 3182 ll
431 3122 539 3179 dierum
561 3142 718 3198 paucorum
740 3123 810 3179 dare
830 3122 912 3184 dixit.
958 3121 1053 3195 Quum
1071 3122 1199 3180 revocati
1219 3123 1347 3180 secundo
1369 3134 1480 3198 quoqa·

430 3227 550 3285 concilio
571 3230 736 3298 tacuissent,
757 3247 815 3284 uno
838 3228 885 3284 dic
906 3228 994 3285 muris
1016 3229 1141 3285 omnium
1165 3228 1274 3297 dirutis,
1297 3229 1336 3285 ad
1353 3247 1410 3299 eos,
1428 3223 1475 3303 qai

430 3335 556 3391 nondum
577 3337 728 3410 parebant,
748 3328 904 3411 profectus,
925 3335 1006 3392 utin
1028 3353 1172 3410 quamque
1193 3334 1340 3409 regionem
1355 3352 1444 3392 vene,
1470 3355 1473 3374 2

430 3459 539 3512 omnes,
572 3442 622 3516 qui
643 3441 720 3498 circa
739 3440 911 3512 incolebant,
945 3441 1066 3516 populos
1098 3440 1126 3498 in
1158 3441 1331 3498 deditionem
1364 3460 1438 3498 acet

383 3543 416 3599 12
430 3545 606 3621 Segesticam
628 3556 750 3618 tantum,
773 3565 891 3622 gravem
915 3556 1001 3621 atque
1023 3547 1187 3621 opulentam
1213 3547 1368 3620 civitatem,
1390 3543 1465 3604 viu:

336 3643 377 3711 18
430 3664 458 3706 et
479 3651 582 3726 pluteis
603 3653 687 3728 cepit.
731 3654 776 3710 Eo
803 3653 940 3710 maiorem
970 3654 1097 3711 habebat
1123 3652 1319 3711 difficultatem
1346 3654 1376 3710 in
1400 3671 1446 3710 sn

428 3757 529 3831 gandia
551 3759 690 3828 hostibus,
713 3777 799 3832 quam
821 3759 869 3834 qui
891 3759 975 3834 primi
997 3769 1135 3816 venerant
1152 3758 1183 3814 in
1198 3758 1381 3833 Hispaniam,
1401 3777 1444 3833 qu

429 3862 468 3919 ad
495 3862 559 3919 illos
587 3864 671 3920 taedio
700 3863 813 3940 imperii
841 3863 1120 3940 Carthaginiensium
1149 3864 1274 3939 Hispani
1303 3865 1442 3923 deficieb

399 3967 495 4026 2huic
516 3988 553 4025 ex
574 3979 714 4045 usurpata
734 3971 867 4028 libertate
887 3971 917 4027 in
938 3971 1103 4028 servitutem
1126 3970 1204 4027 velut
1225 3971 1372 4028 asserendi
1386 3976 1466 4028 eraut

429 4085 458 4132 et
479 4076 521 4132 ita
542 4086 622 4133 mota
644 4077 740 4133 omnia
764 4077 890 4152 accepit,
918 4087 949 4134 ut
972 4076 1021 4134 alii
1041 4076 1071 4132 in
1095 4076 1183 4133 armis
1205 4086 1309 4147 essent,
1332 4077 1380 4135 alii
1401 4073 1465 4133 obsi·

429 4180 514 4239 dione
529 4183 566 4239 ad
581 4182 768 4241 delectionem
785 4193 955 4260 cogerentur
968 4201 1030 4252 nec,
1052 4182 1106 4239 nisi
1121 4183 1150 4239 in
1165 4194 1295 4257 tempore
1310 4184 1468 4242 subventu&

399 4284 519 4359 3foret,
541 4289 616 4347 ultra
638 4291 823 4347 sustentaturi
843 4289 959 4350 fuerint.
1002 4288 1060 4345 Sed
1081 4289 1110 4345 in
1132 4290 1249 4347 consule
1271 4310 1306 4349 ea
1327 4290 1373 4350 vis
1393 4282 1467 4348 animi
