3484 5025
532 532 611 582 Liber
628 531 743 585 XXXV.
780 534 828 597 (Α.
844 534 892 585 dh.
906 535 977 597 tta.)
1184 539 1243 596 203

234 695 592 774 huochtetAEtotomm
614 725 707 785 erant,
727 716 807 789 quia,
829 736 918 791 quum
940 717 1022 775 reddi
1042 718 1174 775 obsidem
1194 718 1316 776 flliumb

234 815 358 892 ffippo
383 817 504 876 allatum
526 828 604 877 esset
623 819 855 895 stipendiumque
877 822 1042 897 impositum
1064 822 1186 891 remitti,
1210 824 1286 880 inter

234 929 316 986 m
337 940 417 980 vana
437 922 560 982 allatum
580 933 659 995 erat,
689 925 904 983 Demetriadem
938 944 1055 1001 quoque
1075 927 1102 983 ei
1122 927 1285 984 reddituros

234 1025 371 1088 lunam
391 1044 464 1085 eme.
511 1028 549 1085 Id
571 1047 608 1085 ne
628 1029 720 1097 lieret,
738 1030 931 1105 Eurylochus,
952 1031 1087 1107 princeps
1107 1032 1316 1106 Magnetum,6

234 1129 412 1206 manuque
432 1131 496 1190 eius
517 1133 636 1207 quidam
659 1134 759 1192 omnis
778 1135 882 1192 novari
903 1136 1070 1193 AEtolorum
1090 1134 1286 1209 Antiochique

234 1229 347 1296 Μία
377 1235 534 1297 malebant.
592 1238 745 1297 Adversus
773 1257 825 1296 eoo
852 1239 895 1296 ita
917 1239 1114 1296 disserendum
1143 1248 1220 1306 erat,
1250 1248 1315 1301 ne?

234 1335 353 1400 'nomm
373 1359 483 1400 vanum
504 1341 541 1400 iis
561 1342 704 1400 demendo
724 1362 791 1418 epea
805 1343 897 1401 incisa
913 1343 1080 1419 Philippum
1099 1343 1286 1412 abalienaret,

234 1457 259 1504 Ι·
278 1455 336 1518 quo
364 1445 431 1520 plus
461 1446 501 1504 ad
529 1446 628 1505 omnia
649 1449 787 1506 momenti
815 1467 904 1523 quam
935 1448 965 1504 in
985 1449 1171 1524 Magnetibus
1201 1459 1285 1505 esset.

234 1545 280 1608 ills
304 1557 417 1607 tantum
445 1561 690 1622 commemorata,
727 1571 816 1627 quum
846 1562 937 1610 totam
967 1552 1113 1611 Graeciam
1146 1552 1317 1611 beneficiati

234 1649 361 1714 blatis
382 1654 543 1713 obnoxiam
556 1657 697 1714 Romanis
711 1675 785 1728 ease,
806 1666 866 1713 tum
883 1676 947 1714 eam
964 1657 1112 1716 civitatem
1128 1658 1285 1733 praecipus3

234 1747 357 1820 &enim
378 1778 438 1818 non
459 1761 626 1838 praesidium
649 1762 736 1819 modo
758 1762 952 1819 Macedonum
974 1761 1077 1831 fuisse,
1101 1762 1153 1819 aad
1175 1762 1315 1837 regiamil

234 1859 444 1935 ludificatam,
480 1874 514 1922 nt
545 1884 673 1941 praesens
704 1884 820 1940 semper
849 1866 880 1922 in
910 1866 1001 1925 oculis
1029 1867 1180 1924 habendus
1209 1876 1286 1923 esset

234 1957 368 2035 butinam
400 1979 528 2027 ceterum
550 1971 743 2046 nequicquam
764 1990 801 2028 ea
820 1970 917 2041 facta,
945 1972 970 2028 si
990 1970 1087 2029 AEtoli
1106 1972 1284 2029 Antiochum
1302 1975 1336 2029 to

235 2069 403 2158 'pPhilippi
430 2074 543 2150 regiam
571 2076 762 2144 adducerent,
799 2083 829 2131 et
857 2094 951 2132 novus
985 2084 1014 2132 et
1040 2074 1203 2149 incognitus
1230 2093 1285 2150 pro

234 2182 317 2236 m
336 2186 367 2234 et
387 2189 510 2253 experto
531 2180 683 2237 habendus
694 2199 748 2237 rex
761 2190 847 2237 esset.
895 2179 1124 2254 Magnetarchen
1140 2197 1284 2235 summum
1303 2183 1333 2238 tl

234 2278 421 2355 ”gemam
448 2291 567 2343 vocant.
612 2284 644 2341 Ie
674 2293 735 2341 tum
760 2284 943 2360 Eurylochus
972 2293 1062 2353 erat,¹
1079 2302 1115 2340 ae
1142 2291 1285 2358 potestate

234 2395 269 2460 μ.
291 2382 381 2444 fretus
415 2388 536 2463 negavit
569 2388 807 2446 dissimulandum
843 2389 901 2446 eibi
932 2397 972 2445 et.
993 2388 1178 2463 Magnetibus
1213 2404 1285 2455 esse,

234 2491 289 2563 ’μ
312 2488 395 2550 fama
420 2492 544 2568 vulgata
572 2493 610 2551 de
638 2494 787 2551 reddenda
814 2493 1002 2552 Demetriade
1028 2492 1165 2568 Philippo
1192 2490 1285 2559 foret3

234 2584 307 2655 flue
326 2596 423 2667 lieret,
455 2599 556 2656 omnis
581 2608 611 2656 et
640 2600 774 2657 conanda
797 2613 828 2656 et
848 2599 982 2655 audenda
1002 2598 1189 2672 Magnetibus
1212 2615 1284 2653 esse.
1302 2601 1336 2657 12

234 2688 362 2761 lttnter
397 2701 514 2759 dicendi
550 2705 763 2760 contentionem
794 2702 983 2760 inconsultius
1013 2712 1130 2759 evectus
1156 2702 1286 2777 proiecit,

234 2806 282 2867 Π
301 2820 419 2880 quoqne
439 2807 537 2881 specie
557 2807 679 2865 liberam
702 2806 918 2865 Demetriadem
940 2825 1020 2877 esse,
1042 2827 1075 2864 re
1096 2826 1167 2864 vere
1188 2807 1287 2864 omnia

234 2903 263 2969 tt
293 2919 394 2967 nutum
430 2913 634 2970 Romanorum
670 2913 741 2968 fieri.
801 2911 864 2969 Sub
899 2913 975 2968 hanc
1015 2931 1116 2970 vocem
1153 2911 1285 2969 fremitus
1301 2917 1337 2972 13

234 3011 358 3075 utentis
379 3016 572 3074 multitudinis
592 3016 649 3075 fuit
668 3017 773 3092 partim
796 3035 931 3087 assensn,
952 3018 1058 3092 partim
1079 3015 1286 3091 indignatione,

234 3112 314 3179 {sue
334 3121 365 3179 id
387 3141 492 3181 ausum
515 3141 596 3192 eum3
625 3120 777 3195 Quinctios
799 3121 915 3195 quidem
938 3121 1013 3177 adeo
1034 3121 1145 3178 exarsit
1166 3122 1226 3190 ira,
1254 3130 1286 3177 ut

234 3234 323 3282 unna
350 3226 390 3283 ad
410 3227 512 3284 caelum
543 3227 663 3285 tendens
685 3227 756 3283 deos
777 3235 865 3283 testes
886 3227 994 3301 ingrati
1015 3244 1051 3283 ac
1073 3227 1175 3300 perfidi
1196 3226 1286 3283 animi

234 3322 388 3405 &gnatum
406 3330 570 3389 invocaret.
617 3332 686 3389 Hac
699 3349 772 3388 voce
786 3331 944 3406 perterritis
966 3332 1110 3400 omnibus,
1134 3332 1225 3401 Zeno,
1247 3349 1284 3388 ex
1300 3338 1336 3393 tl

234 3430 395 3509 *cipibus
421 3454 514 3506 nnus,
546 3453 660 3510 magna
694 3453 783 3509 quum
820 3438 859 3493 ob
889 3436 1038 3510 eleganter
1068 3443 1163 3492 actam
1193 3435 1284 3491 vitam

234 3520 411 3608 Μωίε,
441 3549 504 3596 tum
528 3538 608 3613 quod
628 3557 744 3614 eernper
764 3541 963 3597 Romanorum
984 3541 1063 3596 haud
1084 3539 1172 3597 dubie
1194 3540 1284 3614 partie

234 3632 329 3711 hat,
368 3644 407 3701 ab
444 3643 583 3716 Quinctio
617 3643 779 3719 legatisque
811 3645 875 3701 eliis
907 3646 980 3702 flans
1011 3643 1097 3719 petit,
1131 3662 1168 3700 ne
1200 3643 1284 3700 unius
1300 3651 1336 3706 15

234 3746 373 3809 budam
397 3746 511 3806 civitati
534 3747 733 3823 assignarant3
762 3766 815 3805 euo
845 3767 989 3823 quemque
1017 3748 1145 3823 periculo
1173 3747 1284 3815 herere3

234 3824 442 3924 [memnon
453 3853 618 3910 libertatem
630 3853 727 3922 modo,
741 3853 794 3909 sed
804 3854 914 3921 omnia,
928 3871 993 3928 quae
1003 3852 1169 3909 hominibus
1184 3863 1285 3909 sancta

235 3940 446 4030 *aquenum
477 3958 518 4018 Τ.
541 3956 678 4029 Qninmio
707 3967 736 4014 et
765 3959 875 4032 populo
902 3959 1037 4015 Romano
1066 3957 1187 4025 debere3
1214 3957 1286 4013 nihil
1301 3965 1336 4019 16

235 4054 392 4147 Qun
433 4063 473 4119 ab
504 4061 560 4118 diis
588 4061 800 4118 immortalibus
829 4061 942 4135 precari
971 4079 1074 4135 posse,
1114 4061 1193 4134 quod
1225 4079 1283 4118 non

235 4146 368 4239 haas
399 4166 440 4223 ab
471 4165 530 4224 illis
561 4166 718 4236 haberent,
753 4174 783 4222 et
813 4165 843 4222 in
874 4183 1000 4240 corpora
1030 4183 1085 4222 sua
1116 4164 1201 4222 citius
1232 4183 1286 4240 per
1313 4182 1317 4190 ·

235 4236 353 4329 hen·
371 4271 543 4340 nvitatus,
574 4276 665 4344 qn'urn'
690 4278 723 4327 ut
750 4271 916 4328 Renum
944 4268 1102 4327 am'mitiaru
1130 4271 1282 4332 violarent.
