3484 5025
600 554 677 603 Liber
695 555 820 603 XXXIV.
858 558 902 605 ιΑ.
915 555 959 604 ch.
979 560 1046 617 195.)
1260 560 1314 613 lib

293 738 373 796 iuter
394 748 547 815 tyrannum
576 739 825 797 Lacedaemonium
854 750 883 797 et
910 742 1037 799 latrones
1059 742 1177 799 AEtolos
1208 742 1356 816 praemium

292 844 333 901 sit
356 844 452 919 posita
481 843 511 900 iu
539 862 574 901 eo
604 844 783 916 discrimine,
813 855 845 903 ut
874 848 1005 905 miserius
1038 848 1161 905 avobis
1193 847 1357 923 recipiatur,

293 966 384 1023 quam
408 949 446 1005 ab
460 949 510 1006 illo
532 960 619 1026 capta
640 962 691 1011 est.
732 953 816 1009 Mare
837 953 1015 1010 interiectum
1039 954 1075 1010 ab
1097 953 1159 1009 ist-is
1173 953 1386 1029 pradonibusii

291 1073 355 1111 non
377 1064 473 1112 tuetur
493 1074 556 1126 nos,
587 1058 621 1116 T.
647 1057 779 1129 Quincti;
807 1059 892 1131 quid,
920 1058 944 1115 si
975 1054 1004 1115 in
1037 1058 1131 1115 media
1152 1059 1355 1134 Peloponneso

292 1178 393 1218 arcem
415 1161 469 1218 sibi
486 1160 615 1232 fecerint,
636 1162 763 1219 futurum
786 1165 870 1221 nobis
893 1164 954 1222 est?
977 1165 1120 1240 Linguam
1143 1173 1253 1221 tantum
1273 1164 1356 1223 Grae-

291 1284 397 1323 corum
426 1268 547 1337 habent,
580 1268 653 1325 sicut
682 1269 806 1344 speciem
840 1271 1004 1340 hominnm3
1037 1271 1164 1328 moribus
1198 1270 1386 1344 ritibusquel

246 1351 250 1402 Ῐ
292 1369 509 1430 efferatioribus
531 1392 617 1446 quam
642 1374 691 1431 ulli
713 1376 840 1445 barbari,
874 1376 962 1433 immo
994 1394 1080 1450 quam
1103 1377 1243 1432 immanes
1265 1375 1357 1432 beluae

291 1478 407 1535 vivunt.
449 1481 554 1554 ltaque
576 1499 629 1537 vos
643 1499 789 1556 rogamus,
811 1481 946 1548 Romani,
970 1490 1000 1537 ut
1025 1491 1053 1538 et
1075 1482 1111 1538 ab
1127 1480 1243 1539 Nabide
1258 1483 1356 1555 Argos

291 1585 469 1659 recuperetis
502 1594 531 1642 et
563 1587 605 1643 ita
633 1605 679 1645 res
701 1585 823 1647 Graeciae
854 1589 1049 1660 constituatis,
1080 1597 1111 1645 ut
1135 1588 1172 1645 ab
1205 1587 1356 1645 latrocinio

290 1710 413 1766 quoque
436 1692 604 1752 AEtolorum
626 1694 696 1751 satis
725 1703 830 1768 pacata
854 1694 915 1750 haec
944 1694 1139 1769 relinquatis.“
1197 1699 1386 1765 Romanus,5

292 1796 407 1853 eunctis
428 1799 554 1875 undique
579 1801 795 1876 increpantibus
816 1784 950 1871 AEtolos',
980 1820 1184 1878 responsurum
1215 1820 1246 1859 se
1268 1802 1356 1862 fuisse

246 1903 248 1908 '
290 1903 329 1960 iis
353 1904 444 1972 dixit,
472 1904 528 1963 nisi
557 1905 599 1963 ita
623 1904 751 1963 infensos
779 1925 879 1964 omnes
901 1907 929 1963 in
954 1927 1003 1965 eos
1026 1908 1150 1979 videret,
1177 1918 1210 1966 ut
1236 1911 1356 1970 sedandi

291 2011 393 2086 potius
415 2029 502 2085 quam
522 2011 654 2068 irritandi
681 2020 783 2069 essent.
828 2010 1001 2070 Contentum
1032 2014 1131 2089 itaque
1153 2016 1287 2092 opinione
1311 2023 1386 2088 ea,ti

291 2136 361 2193 quae
383 2117 419 2175 de
441 2118 581 2175 Romanis
601 2118 769 2192 AEtolisque
798 2127 887 2188 esset,
918 2119 1026 2177 referre
1052 2138 1083 2177 se
1104 2121 1192 2192 dixit,
1227 2123 1295 2197 quid
1320 2124 1356 2180 de

290 2222 420 2281 Nabidis
448 2224 533 2303 bello
549 2223 690 2299 placeret,
721 2223 776 2280 nisi
797 2223 931 2281 redderet
961 2226 1076 2282 Achaeis
1102 2229 1209 2303 Argos.
1259 2229 1384 2302 Quuml

291 2348 395 2388 omnes
419 2330 524 2387 bellum
547 2329 726 2399 decressent,
753 2330 862 2388 auxilia
887 2339 919 2388 ut
947 2351 1001 2408 pro
1022 2332 1132 2391 viribus
1154 2334 1213 2391 suis
1235 2353 1356 2409 quaeque

290 2436 427 2495 civitates
449 2437 610 2507 mitterent,
640 2445 683 2494 est
708 2438 850 2496 hortatus.
905 2438 954 2495 Ad
978 2439 1097 2497 AEtolos
1117 2438 1244 2516 legatum
1267 2441 1354 2499 etiam

291 2543 389 2614 misit,
419 2543 512 2618 magis
540 2551 572 2600 ut
592 2543 715 2600 nudaret
737 2543 863 2614 animos,
894 2544 923 2601 id
946 2545 1024 2619 qood
1046 2545 1155 2617 evenit,
1185 2565 1271 2621 quam
1294 2565 1354 2623 spe,

290 2651 443 2726 impetrari
470 2666 565 2726 posse.
618 2649 756 2706 Tribunis
778 2651 915 2722 militum,
946 2663 978 2709 ut
1005 2651 1160 2710 exercitum
1189 2654 1226 2709 ab
1250 2652 1354 2710 Elatea
1406 2651 1449 2720 25

292 2764 486 2826 arcesserent,
514 2755 677 2831 imperavit.
730 2757 789 2812 Per
810 2757 926 2814 eosdem
949 2757 1010 2815 dies
1031 2767 1060 2815 et
1081 2757 1219 2815 Antiochi
1240 2757 1384 2833 legatis,2

291 2865 330 2921 de
353 2863 491 2920 societate
513 2859 683 2936 agentibus,
705 2862 868 2938 respoudit,
898 2863 967 2921 nihil
996 2881 1028 2920 se
1058 2863 1224 2920 absentibus
1255 2863 1354 2920 decem

291 2968 399 3044 legatis
414 2965 699 3034 senteutiahabere3
721 2967 844 3023 Romam
867 2969 991 3029 eundum
1013 2969 1050 3025 ad
1072 2977 1202 3025 senatum
1226 2969 1261 3025 iis
1284 2987 1353 3026 esse.

378 3074 446 3149 Ipse
479 3073 579 3148 copias
606 3072 746 3129 adductas
778 3072 815 3129 ab
849 3072 953 3129 Elatea
984 3073 1089 3131 ducere
1119 3077 1216 3151 Argos
1248 3074 1385 3150 pergit33

292 3189 383 3256 atque
405 3180 431 3236 ei
454 3179 532 3236 circa
554 3177 681 3236 Cleonas
704 3178 865 3235 Aristaenus
887 3186 993 3253 praetor
1016 3198 1080 3238 oum
1105 3180 1204 3239 decem
1232 3181 1356 3239 millibus

292 3287 481 3356 Achaeorum,
505 3285 649 3360 equitibus
668 3284 745 3340 mille
763 3283 896 3353 occurrit,
916 3295 944 3342 et
955 3287 1032 3342 haud
1051 3287 1154 3363 procul
1170 3287 1236 3343 inde
1251 3285 1355 3342 iunctis

292 3385 468 3450 exercitibus
489 3399 648 3467 posuerunt
676 3399 780 3450 castra.
828 3391 952 3447 Postero
979 3390 1025 3447 die
1046 3392 1075 3448 in
1100 3410 1234 3467 eampum
1265 3390 1383 3466 Argi-t

291 3517 397 3556 vorum
419 3497 640 3566 descenderunt,
662 3505 690 3554 et
712 3503 849 3570 quattuor
866 3493 957 3552 ferme
979 3496 1068 3553 millia
1088 3497 1125 3554 ab
1148 3495 1237 3572 Argis
1259 3495 1352 3553 locum

291 3603 397 3662 eastris
419 3602 543 3680 capiunt.
591 3601 749 3659 Praeieetus
771 3599 897 3674 praesidii
911 3601 1057 3658 Laeonum
1083 3610 1145 3659 erat·
1160 3603 1384 3678 Pythagoras,5

290 3729 384 3788 gener
405 3709 481 3766 idem
504 3709 618 3785 tyranni
649 3716 677 3765 et
703 3706 802 3762 uxoris
831 3706 891 3762 eius
912 3705 1018 3778 irater,
1048 3707 1097 3782 qui
1119 3707 1173 3765 sub
1198 3708 1352 3766 adventum

291 3819 492 3876 Romanorum
527 3823 555 3872 et
587 3821 725 3888 utrasque
754 3830 835 3869 arces
868 3813 946 3885 (nam
977 3815 1049 3871 duas
1079 3815 1186 3872 habent
1207 3815 1294 3890 Argi)
1326 3825 1354 3872 et

291 3923 362 3981 loca
383 3921 450 3991 alia,
473 3907 606 3995 quaeant
627 3926 792 3995 opportuna
813 3928 863 3976 aut
885 3929 1019 3995 suspecta
1041 3930 1132 3993 erant,
1154 3921 1258 3978 validis
1281 3940 1353 3997 prae-

291 4028 375 4087 sidiis
396 4028 531 4085 firmavit.
581 4025 640 4083 Sed
664 4025 737 4081 inter
757 4027 818 4082 haec
842 4026 956 4100 agenda
983 4045 1121 4101 pavorem
1145 4025 1279 4083 iniectum
1303 4026 1384 4084 adli

291 4141 381 4192 ventu
404 4135 603 4192 Romanorum
632 4130 813 4187 dissimulare
842 4131 1069 4205 haudquaquam
1099 4137 1227 4206 poterat3
1258 4141 1286 4188 et
1316 4133 1353 4188 ad

291 4248 445 4299 externum
468 4248 607 4297 terrorem
635 4235 769 4294 intestina
797 4236 883 4292 etiam
902 4235 1004 4293 seditio
1027 4236 1154 4296 accessit.
1198 4237 1382 4296 Damocles?

292 4355 358 4404 erat
387 4345 535 4420 Argivus3
568 4342 735 4401 adolescens
764 4341 882 4398 maioris
912 4341 998 4399 animi
1031 4361 1118 4417 quam
1146 4342 1272 4412 consilii,
1306 4342 1355 4418 qui

321 4460 386 4496 tisim
402 4470 425 4496 ex
440 4469 477 4496 ree.
494 4457 588 4505 Madvigii.
620 4455 643 4492 V.
1122 4453 1153 4497 m
