3484 5025
464 530 504 586 42
732 528 810 577 Liber
826 527 928 580 XXXI.
971 529 1017 589 (t.
1028 541 1054 580 n.
1066 541 1089 579 c.
1103 526 1176 589 tet.)

373 713 407 766 tt
422 710 500 768 tione
532 712 610 768 urbis
643 711 819 781 timentibus,
851 711 1006 787 oppressit.
1064 712 1103 769 Et
1137 711 1195 768 iam
1225 728 1313 784 quum
1345 729 1438 785 opera
1458 710 1488 768 in

421 814 524 873 effectu
548 826 631 874 erant
659 818 736 874 circa
758 816 886 887 Oreum,
913 829 973 874 tum
996 816 1175 893 praesidium,
1205 815 1284 889 quod
1315 816 1393 873 intus
1415 824 1488 887 erat,

420 921 522 977 labore
544 921 671 993 assiduo,
693 923 799 998 vigiliis
822 923 931 980 diurnis
953 923 1063 998 pariter
1083 922 1289 995 nocturnisque
1310 929 1339 977 et
1361 921 1487 978 vulneri·

373 1030 406 1083 15
421 1028 474 1082 bus
494 1026 670 1096 confectum3
693 1027 767 1084 muri
789 1046 906 1103 quoque
930 1046 999 1102 pars
1013 1027 1103 1083 ariete
1123 1027 1238 1083 incusso
1253 1020 1487 1083 subruta-multis

420 1130 478 1187 iam
500 1131 572 1188 locis
586 1132 765 1206 prociderat3
786 1151 897 1207 perque
911 1141 1042 1207 apertum
1059 1132 1142 1189 ruina
1153 1132 1207 1188 iter
1218 1140 1304 1188 noete
1317 1130 1446 1188 Romani
1458 1130 1487 1187 in

371 1241 407 1294 16
421 1253 527 1305 arcem,
550 1254 614 1309 quae
629 1255 717 1311 super
731 1249 847 1311 portum
864 1246 917 1307 est,
937 1245 1136 1312 perruperunt.
1170 1236 1288 1293 Attalus
1302 1235 1367 1292 luce
1382 1235 1485 1309 prime,

420 1339 502 1414 signo
527 1360 564 1397 ex
587 1359 653 1397 arce
675 1341 744 1398 dato
765 1343 804 1399 ab
818 1342 969 1411 Romanis,
992 1342 1104 1415 etipse
1126 1343 1225 1399 urbem
1248 1342 1365 1412 invasit,
1388 1342 1485 1400 stratis

420 1464 528 1520 magna
551 1465 588 1503 ex
611 1457 694 1520 parte
716 1447 820 1516 mnris;
850 1448 1014 1522 praesidium
1046 1446 1243 1522 oppidanique
1270 1447 1302 1503 in
1324 1465 1422 1504 arcem
1445 1448 1502 1505 al··

420 1561 511 1607 terem
533 1551 697 1626 perfugere,
726 1553 802 1609 unde
824 1553 912 1609 biduo
935 1562 1002 1627 post
1032 1552 1139 1610 deditio
1166 1550 1255 1609 faeta.
1307 1553 1388 1611 Urbs
1415 1554 1484 1628 regi,

420 1656 536 1730 captiva
561 1675 686 1731 corpora
707 1658 847 1715 Romanis
869 1676 990 1715 cessere.

327 1757 368 1824 (Π
503 1761 567 1818 Iam
592 1761 759 1819 autumnale
788 1763 991 1837 aequinoctium
1017 1762 1161 1831 instabat,
1192 1772 1222 1819 et
1251 1770 1294 1819 est
1322 1762 1404 1819 sinus
1426 1762 1482 1819 Eu·

420 1865 529 1933 boiens,
563 1883 647 1939 quem
679 1866 762 1925 Coela
794 1879 916 1937 vocant,
950 1877 1099 1941 suspectus
1129 1868 1240 1935 nautis3
1282 1867 1383 1940 itaque
1419 1876 1490 1924 aute·

419 1971 557 2028 hiemales
573 1982 669 2028 motus
691 1973 816 2030 evadere
838 1953 906 2029 inde
928 1972 1075 2047 cupientes
1102 1971 1242 2042 Piraeum,
1263 1973 1341 2029 unde
1362 1971 1481 2047 profecti

390 2078 457 2133 2ad
479 2077 584 2133 bellum
606 2086 697 2146 eraut,
720 2088 862 2151 repetunt.
907 2077 1066 2152 Apustius,
1089 2078 1208 2153 triginta
1229 2076 1353 2133 navibus
1376 2077 1417 2134 ibi
1437 2096 1481 2135 re-

419 2182 502 2252 lictis,
515 2200 603 2257 super
615 2180 743 2238 Maleam
759 2182 879 2256 navigat
892 2180 1060 2257 Corcyram.
1089 2185 1199 2257 Regem
1215 2191 1321 2239 statum
1337 2181 1480 2239 initiorum

419 2286 543 2356 Cereris,
565 2298 596 2343 ut
616 2286 706 2343 saeris
729 2287 888 2356 interesset,
910 2287 1016 2356 tenuit3
1039 2288 1195 2344 secundum
1217 2286 1299 2343 initia
1321 2296 1350 2343 et
1371 2287 1482 2360 ipsein

420 2391 524 2448 Asiam
547 2410 578 2449 se
599 2393 722 2467 recepit,
751 2393 959 2466 Agesimbroto
989 2403 1017 2448 et
1046 2392 1167 2449 Rhodiis
1198 2393 1315 2449 domum
1347 2392 1482 2450 remissis.

331 2549 334 2553 J
389 2498 490 2554 3Haee
515 2516 550 2553 ea
575 2506 674 2554 aestate
696 2507 774 2554 terra
807 2498 937 2572 marique
967 2498 1107 2555 adversus
1134 2497 1301 2573 Philippum
1331 2498 1483 2573 sociosque

419 2600 480 2656 cius
505 2601 542 2656 ab
564 2601 681 2657 consule
709 2612 737 2659 et
758 2603 854 2677 legato
876 2605 1032 2673 Romanis,
1061 2603 1265 2660 adiuvantibus
1289 2621 1360 2678 rege
1382 2604 1483 2662 Attalo

419 2716 447 2760 et
466 2704 597 2775 Rhodiis,
620 2715 712 2779 gesta.

388 2817 403 2868 t
502 2809 612 2868 Consul
634 2812 707 2869 alter
729 2811 761 2870 C.
785 2813 923 2870 Aurelius
947 2813 985 2869 ad
1005 2811 1166 2869 confectum
1198 2813 1304 2871 bellum
1335 2833 1424 2889 quum
1453 2816 1480 2871 in

418 2916 598 2989 provinciam
621 2917 755 2988 venisset,
778 2919 856 2975 haud
879 2919 953 2974 clem
976 2917 1041 2973 tulit
1061 2918 1134 2975 iram
1158 2914 1298 2976 adversus
1320 2931 1480 2994 praetorem,

389 3022 497 3093 5quod
519 3022 638 3079 absente
659 3042 691 3079 se
712 3043 773 3080 rem
797 3022 943 3098 gessisset.
991 3023 1083 3079 Misso
1106 3023 1195 3105 igitur
1216 3043 1251 3080 eo
1272 3025 1301 3082 in
1326 3026 1482 3096 Etruriam,

418 3124 480 3199 ipse
512 3126 541 3182 in
567 3145 667 3202 agrum
698 3129 824 3186 hostiurn
857 3127 986 3201 legiones
1013 3106 1132 3186 induxit
1154 3131 1382 3205 populandoque
1418 3150 1479 3190 cum

388 3231 516 3305 6praede
538 3233 647 3289 maiore
669 3252 756 3307 quam
790 3232 884 3307 gloria
906 3233 1013 3289 bellum
1040 3235 1138 3308 gessit.
1187 3237 1220 3295 L.
1245 3236 1368 3305 Furius,
1398 3234 1480 3293 simul

418 3338 495 3410 quod
518 3338 546 3393 in
571 3338 689 3394 Etruria
707 3337 779 3394 nihil
800 3348 863 3395 erat
894 3339 951 3407 rei,
982 3339 1061 3412 qnod
1089 3349 1218 3413 gereret,
1247 3340 1334 3397 simul
1366 3341 1481 3399 Gallice

357 3511 367 3528 ο
417 3442 563 3518 triumpho
587 3442 754 3510 imminens,
784 3443 904 3498 absente
926 3443 1043 3499 consule
1065 3443 1140 3499 irato
1161 3453 1248 3516 atque
1269 3445 1419 3504 invidente
1438 3445 1480 3503 fe·

417 3548 498 3606 cilius
520 3547 670 3623 impetrari
691 3563 778 3620 posse
799 3556 890 3613 ratus,
914 3548 1039 3603 Romam
1063 3548 1213 3622 inopinato
1235 3567 1324 3622 quum
1347 3552 1479 3619 venisset,

387 3653 548 3708 laeuatum
571 3652 599 3707 in
623 3651 684 3707 aede
706 3651 835 3707 Bellonae
856 3651 972 3719 habuit,
995 3652 1191 3726 expositisque
1216 3654 1302 3711 rebus
1324 3657 1430 3731 gestis,
1450 3664 1480 3712 ut

322 3748 368 3816 48
416 3756 603 3829 triumphanti
619 3754 676 3811 sibi
694 3755 723 3811 in
746 3757 846 3813 urbem
869 3756 966 3813 invehi
987 3756 1093 3828 liceret,
1115 3757 1206 3831 petiit.
1236 3760 1326 3833 Apud
1345 3778 1478 3835 magnam

416 3873 527 3937 partem
558 3870 676 3917 senatus
707 3871 736 3917 et
764 3862 962 3935 magnitudine
998 3879 1093 3918 rerum
1122 3868 1272 3936 'gestarum
1306 3865 1427 3923 valebat
1452 3874 1478 3922 et

385 3964 524 4039 2gratia3
563 3965 689 4023 maiores
721 3976 790 4024 natu
818 3968 966 4040 negabant
994 3967 1187 4042 triumphum,
1217 3977 1246 4024 et
1275 3971 1355 4043 quod
1387 3971 1478 4027 alieno

416 4071 543 4127 exercitu
565 4089 626 4126 rem
652 4071 789 4147 gessisset
823 4082 852 4128 et
886 4073 963 4145 quod
985 4072 1164 4147 provinciam
1186 4073 1350 4146 reliquisset
1372 4072 1476 4149 cupidi·

415 4184 475 4232 tate
495 4175 629 4250 rapiendi
658 4193 711 4249 per
741 4175 922 4233 occasionem
951 4177 1102 4252 triumpbi;
1138 4177 1168 4235 id
1202 4196 1273 4234 vero
1304 4188 1370 4236 eum
1403 4177 1476 4237 nullo

385 4279 401 4334 3
415 4281 549 4355 exemplo
561 4280 674 4337 fecisse.
710 4278 886 4337 Consulares
898 4281 1051 4356 praecipue,
1068 4283 1293 4356 exspectandum
1308 4283 1401 4341 fuisse
1412 4301 1475 4341 con·
