3484 5025
505 497 507 502 ⁵
564 493 959 602 utiturneque.
981 535 1067 602 nr.)
1145 515 1148 520 ’
1217 492 1293 597 ἠπ

276 725 356 792 erat,
380 718 650 797 interpretabantur.
698 723 758 782 Alii
780 741 837 780 non
862 723 992 781 tribunos
1014 722 1120 798 plebis,
1149 722 1200 780 sed
1222 721 1369 781 univer-6

277 817 339 884 tam
363 825 520 901 civitatem,
542 803 606 904 quse
624 828 653 886 id
673 829 733 904 pati
755 840 862 904 posset,
883 815 1068 886 incusabant:
1090 829 1173 886 Duas
1193 828 1367 886 maximas'l

279 931 356 991 orbis
378 941 520 992 terrarum
541 935 627 993 urbes
648 935 777 1011 ingratas
798 954 854 993 uno
876 953 968 1011 prope
989 945 1118 1009 tempore
1140 933 1169 990 in
1193 932 1337 1009 principes

280 1033 427 1111 inventas,
452 1042 575 1099 Romam
597 1041 798 1119 ingratiorem,
823 1042 846 1098 si
869 1040 984 1115 quidem
1007 1040 1084 1096 victe
1106 1037 1254 1114 Carthago
1277 1040 1335 1096 vic-

283 1148 337 1202 tum
366 1145 560 1204 Hannibalem
593 1148 623 1205 in
653 1147 783 1205 exsilium
812 1146 981 1223 expulisset,
1015 1148 1110 1203 Roma
1142 1144 1245 1203 victrix
1276 1145 1335 1203 vic·

286 1255 370 1309 torem
412 1252 584 1311 Africanum
627 1254 760 1331 expellat.
819 1253 893 1318 Alii,
934 1252 1076 1310 neminem
1116 1271 1203 1309 unum
1244 1252 1368 1316 civem8

288 1361 389 1416 tantum
424 1357 549 1417 eminere
579 1360 697 1431 debere,
735 1372 766 1418 ut
796 1360 907 1436 legibus
938 1359 1109 1435 interrogari
1141 1376 1197 1415 non
1231 1358 1334 1434 possit,

290 1461 431 1552 ¹tibiltum
454 1466 602 1541 aequendae
624 1467 763 1525 libertatis
787 1487 858 1534 esse,
882 1485 968 1541 quam
990 1465 1218 1542 potentissimum
1236 1483 1334 1540 quem-

289 1585 336 1646 que
355 1590 443 1650 posse
465 1560 559 1631 dicere
580 1593 707 1633 oausam.
756 1573 832 1647 Quid
855 1583 950 1629 autem
975 1579 1037 1629 tuto
1062 1572 1206 1646 cuiquam,
1230 1571 1368 1634 nedum9

287 1691 420 1736 summam
442 1699 503 1737 rem
527 1680 687 1758 publicam,
715 1679 854 1756 permitti,
883 1678 907 1736 si
928 1678 1002 1736 ratio
1030 1696 1087 1734 non
1110 1678 1147 1734 sit
1168 1676 1335 1735 reddenda?

282 1781 338 1857 Qui
358 1785 404 1843 ius
430 1806 543 1862 aequum
572 1788 632 1864 pati
654 1806 713 1845 non
734 1786 839 1863 possit,
871 1786 899 1843 in
923 1773 986 1841 etum
1009 1783 1067 1840 vim
1097 1783 1175 1840 haud
1199 1783 1334 1862 iniustum

277 1905 351 1949 osse.
404 1893 478 1950 Haec
507 1893 617 1970 agitato
649 1893 843 1963 sermonibus,
876 1892 966 1948 donec
995 1890 1055 1947 dies
1084 1908 1179 1947 causae
1208 1888 1335 1946 dicendae
1354 1899 1388 1953 10

274 1997 365 2080 yenit.
412 1999 477 2056 Neo
499 2001 572 2058 alius
592 2010 677 2058 antea
702 1999 854 2075 quisquam
877 2017 930 2056 nec
950 1997 998 2055 ille
1026 1996 1089 2074 ipse
1110 1995 1207 2072 Scipio
1235 1994 1335 2053 consul

274 2113 417 2166 ³t³ntorve
449 2106 558 2164 maiore
595 2106 688 2164 omnis
718 2105 831 2182 generis
869 2105 1018 2162 bominum
1049 2101 1211 2177 frequentia
1247 2120 1334 2176 quem

274 2195 344 2267 teus
365 2210 415 2269 illo
441 2210 488 2269 die
509 2212 537 2270 in
568 2211 662 2270 forum
695 2222 737 2269 est
764 2211 911 2271 deductus.
954 2211 1053 2268 Iussus
1082 2209 1176 2266 dicere
1206 2191 1385 2278 cansamjlt

274 2309 339 2375 tine
373 2318 432 2376 ulla
473 2318 622 2377 criminum
665 2317 808 2375 mentione
849 2318 1008 2374 orationem
1042 2316 1114 2373 adeo
1151 2314 1333 2392 magnificam

274 2411 316 2480 le
332 2425 417 2482 rebus
440 2425 477 2482 ab
496 2443 527 2482 se
547 2424 636 2501 gestis
659 2434 702 2481 est
723 2441 852 2492 exorsus,
875 2432 906 2480 ut
927 2424 998 2480 satis
1018 2430 1171 2491 constaret,
1192 2420 1334 2479 neminem

274 2538 404 2609 inquam
423 2551 518 2608 neque
538 2532 638 2617 melius
654 2551 748 2607 neque
762 2531 857 2590 verius
874 2531 1023 2590 laudatum
1036 2547 1108 2587 esse.
1157 2526 1337 2586 Dicebeutur
1353 2535 1387 2590 12

274 2638 352 2696 enim
372 2640 410 2697 ab
427 2658 457 2697 ao
472 2639 572 2697 eodem
590 2638 687 2695 animo
702 2637 884 2714 ingenioque,
905 2656 962 2713 quo
974 2645 1055 2715 gesta
1067 2644 1162 2703 erant3
1183 2633 1334 2691 staurium

274 2730 424 2802 fastidium
447 2746 563 2812 aberat,
596 2745 665 2820 quia
690 2763 744 2821 pro
766 2744 908 2820 periculo,
939 2761 996 2799 non
1027 2742 1057 2799 in
1084 2741 1205 2816 gloriam
1228 2737 1334 2797 refere-

274 2850 391 2908 untur.
445 2850 567 2909 Tribuni
586 2862 685 2908 vetera
699 2849 819 2906 luxuriae
834 2848 955 2906 crimina
968 2848 1217 2925 Syracusanorum
1239 2845 1334 2901 hiber·
1392 2844 1428 2912 51

274 2966 379 3015 norum
404 2968 431 3014 et
455 2956 555 3015 Locris
576 2955 787 3014 Pleminianum
811 2954 962 3011 tumultum
986 2972 1074 3029 quum
1097 2955 1133 3011 ad
1155 2954 1240 3011 fldem
1263 2969 1336 3027 prae-

274 3062 400 3149 tentium
423 3063 573 3122 criminum
595 3062 771 3132 retulissent,
793 3060 1005 3137 suspicionibus
1028 3062 1119 3136 magis
1141 3078 1227 3135 quam
1251 3075 1336 3132 argu·

274 3169 381 3227 tuentis
406 3170 535 3245 pecuniae
562 3180 653 3245 captae
680 3187 759 3226 reum
783 3176 967 3225 accusarunt:
997 3165 1102 3223 Filium
1131 3175 1246 3241 captum
1275 3164 1369 3222 sine2

273 3275 370 3348 pretio
393 3275 552 3345 redditum,
582 3277 772 3350 omnibusque
792 3273 856 3330 aliis
882 3272 967 3331 rebus
990 3271 1169 3347 Scipionem,
1199 3282 1336 3343 tanquam

273 3374 306 3439 in
329 3381 392 3439 eius
414 3382 497 3441 unius
518 3403 604 3440 manu
626 3403 686 3459 pax
698 3385 832 3440 Romana
847 3380 1010 3454 bellumque
1032 3388 1115 3449 esset,
1137 3377 1174 3435 ab
1191 3375 1336 3433 Antiocho

273 3488 403 3560 cultum3
439 3489 607 3549 dictatorem
640 3510 703 3548 eum
734 3487 856 3556 consuli,
889 3506 946 3543 non
978 3485 1104 3561 legatum
1132 3484 1161 3540 in
1188 3481 1369 3557 provincia3

273 3572 382 3665 fuisse,
409 3614 462 3654 nec
493 3597 529 3652 nd
558 3597 644 3654 aliam
672 3615 734 3655 rem
757 3616 791 3653 eo
814 3593 989 3670 profectum,
1017 3611 1104 3667 quam
1127 3601 1158 3648 ut
1184 3589 1228 3659 id,
1259 3585 1337 3662 quod

273 3700 439 3779 Hispaniae,
460 3702 574 3774 Gallice,
596 3701 708 3772 Siciliae,
728 3701 836 3760 Africae
857 3701 916 3758 iam
938 3697 1048 3775 pridem
1069 3714 1237 3774 persuasum
1254 3704 1338 3763 esset,

273 3810 335 3869 boo
356 3809 480 3870 Graeciae
502 3811 640 3886 Asiaeque
669 3820 696 3868 et
727 3808 859 3865 omnibus
881 3806 919 3863 ad
947 3801 1085 3864 orientem
1111 3805 1202 3862 versis
1223 3803 1363 3878 regibus

273 3917 471 3995 gentibusque
485 3928 649 3994 appareret,
668 3935 755 3973 unum
771 3914 915 3971 hominem
928 3923 1014 3988 caput
1025 3911 1214 3986 columenque
1227 3909 1340 3985 imperii
1356 3914 1371 3964 t

275 4025 406 4085 Romani
418 4044 490 4094 esse,
506 4023 560 4080 sub
576 4023 678 4078 umbra
690 4021 833 4097 Scipionis
845 4020 989 4077 civitatem
1002 4017 1147 4074 dominam
1161 4017 1238 4074 orbis
1249 4027 1339 4072 terra·

276 4151 342 4191 rum
354 4131 461 4202 latere3
475 4141 574 4188 nutum
588 4129 649 4186 eius
659 4148 712 4204 pro
725 4128 846 4185 decretis
858 4138 982 4203 patrum,
997 4144 1050 4200 pro
1062 4123 1160 4198 populi
1172 4122 1256 4179 iussis
1268 4140 1338 4178 esse.

277 4238 407 4297 Infamia
423 4237 561 4294 intectum
577 4235 695 4304 invidia,
719 4254 776 4308 qua
797 4244 927 4310 possunt,
949 4240 1059 4310 urgent.
1103 4228 1290 4287 Orationibus
1312 4227 1373 4284 iub

274 4357 393 4405 noctem
406 4343 562 4420 perductis,
572 4342 705 4419 prodictu
718 4340 778 4398 dies
790 4349 841 4399 est.
866 4339 925 4401 Ubi
938 4356 973 4395 ee
983 4337 1070 4405 venit,
1083 4335 1187 4394 tribuni
1200 4335 1228 4392 in
1240 4333 1341 4391 rostris

1099 4439 1144 4489 to*
