3484 5025
314 563 316 570 .
390 507 449 573 280
670 505 823 559 nserxu
857 503 1081 571 (huetio.)

317 705 408 761 atum
433 693 544 753 malint.
592 691 729 768 Singulos
750 708 839 773 quum
859 690 1021 761 intuemur,
1040 691 1086 750 Μ.
1108 691 1232 763 AEmili,
1254 690 1297 749 Μ.
1317 691 1402 760 Fulvi,

348 802 490 861 neminem
517 798 605 857 bodie
634 797 664 855 in
685 798 803 857 oiaitste
822 798 978 868 babemus,
1007 816 1110 873 quem,
1143 797 1171 855 si
1192 797 1401 856 revocemurin

318 890 534 983 minagium,
563 904 686 964 volimus
714 902 798 963 vobis
819 902 971 980 praelatum
992 920 1072 974 osse;
1102 905 1195 963 ambo
1218 922 1307 979 quum
1328 903 1402 962 simul

349 1014 540 1090 adspicimus,
570 1028 630 1068 non
659 1029 814 1087 possumus
841 1028 895 1067 noa
923 1009 1033 1080 vereri,
1055 1020 1103 1068 'ne
1139 1008 1219 1068 male
1251 1010 1402 1085 computati

347 1121 424 1188 sitis,
455 1136 509 1176 nec
534 1126 647 1174 tuntum
677 1116 721 1175 rei
752 1114 875 1194 publicae
907 1115 1012 1191 prosit,
1044 1116 1126 1191 qnod
1159 1115 1299 1176 omnibus
1329 1115 1400 1172 nobis

348 1225 464 1303 egregie
483 1222 618 1299 placetis,
648 1239 751 1296 quum,
777 1221 859 1298 quod
888 1222 960 1279 alten
986 1222 1071 1281 elteri
1092 1222 1271 1298 displicuit,
1300 1231 1399 1280 noeeut

223 1380 234 1398 „
318 1330 517 1395 sinimieities
545 1345 598 1404 per
625 1345 718 1384 ennos
750 1328 857 1386 multos
886 1327 971 1385 vobis
1001 1328 1073 1404 ipsis
1100 1346 1212 1403 gauses
1242 1338 1272 1388 et
1300 1339 1400 1385 euneos

346 1435 454 1511 geritis,
476 1453 540 1509 quas
561 1431 719 1509 perieulum
741 1442 842 1491 estne
862 1452 901 1491 ex
921 1434 977 1491 buo
997 1434 1045 1492 die
1065 1434 1154 1493 nabis
1175 1443 1206 1492 et
1226 1434 1400 1509 reipublice

317 1552 434 1615 equum
455 1539 539 1597 cobis
560 1538 710 1614 graviores
732 1540 813 1597 fiant.
851 1541 899 1598 Ds'
923 1539 1027 1615 quibus
1047 1538 1147 1597 censis
1168 1539 1228 1598 hoc
1249 1540 1400 1607 timaeum,

348 1647 438 1703 multu
458 1654 642 1713 succurrunt,
665 1663 728 1720 qum
753 1645 931 1715 dicerentur,
952 1645 1007 1703 nisi
1028 1646 1106 1705 forte
1127 1646 1188 1719 ”²1
1210 1645 1398 1721 implacabiles

317 1752 473 1822 tfueritis,
503 1750 714 1827 implicaverint
740 1750 852 1809 animos
881 1759 1003 1812 vestros.
1040 1750 1116 1809 'Hes
1139 1760 1174 1808 ut
1194 1750 1295 1821 hodie,
1330 1750 1398 1807 utin

346 1856 401 1913 isto
423 1857 531 1932 templo
551 1855 658 1915 finistis
678 1856 848 1925 simultates,
870 1875 1100 1933 quesumusvos
1120 1856 1266 1928 universi,
1286 1867 1324 1926 et,
1337 1873 1397 1931 quos

346 1962 494 2019 coniunxit
519 1961 665 2040 suffragiis
691 1963 751 2022 suis
778 1963 905 2039 populna
926 1965 1090 2034 Romanus,
1116 1964 1175 2022 bos
1197 1963 1289 2022 etium
1311 1982 1396 2022 raeco

315 2068 490 2129 beilietions
516 2069 616 2144 gretie
643 2069 778 2145 coniungi
808 2088 827 2127 a
856 2070 940 2128 nobis
967 2069 1082 2139 sinatis;
1097 2108 1098 2111 η
1113 2086 1176 2126 uno
1206 2070 1324 2142 animo,
1350 2088 1396 2127 uuo

346 2174 465 2233 consilio
492 2175 595 2251 legatis
624 2184 771 2247 senatum,
804 2176 916 2251 equites
940 2174 1133 2245 recenseatis,
1162 2177 1263 2251 agatis
1276 2196 1396 2243 censum,

210 2316 211 2322 1
315 2278 464 2340 blustmm
493 2281 637 2352 condetis3
653 2283 750 2358 ,quod
778 2280 808 2338 in
835 2282 971 2338 omnibus
995 2279 1309 2356 ferepreoationibus
1336 2302 1396 2340 nun·

344 2387 487 2462 cnpabitis
507 2388 613 2457 verbis,
635 2398 686 2459 „ut
712 2407 748 2445 ea
770 2404 817 2444 res
838 2386 909 2445 mihi
931 2383 1106 2462 collegaque
1127 2406 1197 2445 meo
1220 2390 1297 2448 bene
1319 2401 1345 2448 et
1362 2388 1395 2447 le·

343 2493 435 2551 liciter
464 2494 612 2564 eveniet“‚
640 2494 670 2552 id
698 2494 739 2551 ita
762 2506 794 2551 nt
814 2512 897 2565 vere,
928 2503 960 2551 ut
982 2491 1140 2551 exanimo
1162 2494 1264 2552 velitis
1287 2494 1394 2559 evenire.

345 2599 547 2675 officinisque,
576 2611 616 2672 ut,
643 2601 720 2675 quod
742 2601 812 2658 deos
834 2600 943 2676 precati
966 2599 1058 2670 eritis,
1088 2599 1118 2656 id
1145 2619 1201 2658 vos
1224 2602 1304 2660 velle
1323 2604 1393 2659 etism

300 2705 475 2766 lbhornines
502 2705 663 2763 credemus.
711 2707 748 2762 T.
778 2706 882 2763 Tatius
911 2714 939 2762 et
966 2705 1125 2776 Romulus,
1159 2705 1190 2762 in
1220 2709 1306 2765 euius
1331 2708 1393 2764 urbis

346 2811 439 2867 medio
460 2809 525 2867 foro
551 2810 614 2867 acie
633 2811 732 2868 hostes
752 2819 972 2881 concurrerant,
991 2810 1033 2868 ibi
1054 2812 1217 2870 concordes
1239 2822 1393 2889 regnaount.

297 2920 328 2975 11
344 2915 412 2971 Non
435 2916 521 2971 modo
543 2915 711 2985 simultates,
733 2918 783 2974 sed
805 2917 882 2975 bella
902 2935 1018 2992 quoque
1036 2919 1186 2978 finiuntur.
1224 2920 1275 2977 Ex
1299 2918 1393 2977 infestis

344 3020 474 3078 hostibus
498 3022 667 3097 plerumque
695 3023 766 3081 socii
795 3023 909 3092 fideles,
938 3023 1081 3080 interdurn
1111 3023 1201 3081 etiam
1225 3026 1307 3082 cives
1327 3027 1392 3082 fiunt

296 3104 463 3199 lenibant,
485 3128 581 3185 diruto
603 3128 691 3200 Alba,
714 3131 839 3187 Romam
861 3129 985 3187 traducti
1006 3138 1088 3197 sunt;
1117 3129 1230 3199 Latini,
1254 3129 1351 3190 Sabini
1369 3129 1393 3184 in

344 3234 487 3291 civitatem
521 3236 642 3310 accepti.
699 3235 858 3310 Vulgetum
889 3235 975 3301 illud,
1015 3234 1084 3309 quia
1119 3253 1223 3293 verum
1264 3247 1340 3305 eret,
1368 3236 1391 3290 in

344 3340 525 3415 proverbium
557 3341 649 3410 venit,
683 3341 824 3399 amicitias
851 3340 1044 3410 immortales,
1077 3341 1211 3398 mortales
1241 3341 1392 3415 ipimicitias

297 3451 330 3505 13
343 3445 447 3503 debere
461 3451 554 3504 esse.“
592 3447 735 3505 Fremitus
750 3458 830 3505 ortus
845 3464 909 3505 oum
925 3463 1053 3516 assensu,
1073 3446 1181 3504 deinde
1203 3447 1390 3504 universorum

343 3569 430 3608 voces
457 3552 533 3609 idern
562 3554 717 3628 petentium
739 3553 866 3612 oonfusae
887 3554 917 3610 in
939 3572 1027 3612 unum
1051 3553 1214 3610 orationem
1238 3551 1390 3627 interpelle-

296 3666 330 3720 14
343 3670 417 3716 runt.
452 3659 525 3715 Inde
539 3659 676 3717 AEmilius
701 3671 826 3739 questus(
840 3679 927 3735 quum
951 3659 1017 3730 alia,
1039 3668 1099 3716 tum
1121 3659 1167 3716 bis
1190 3677 1209 3724 s
1233 3660 1275 3719 M.
1299 3656 1390 3716 Fulvio

300 3816 303 3821 .
343 3782 374 3820 se
396 3774 473 3820 certo
495 3767 645 3823 consulatu
665 3767 820 3835 deieotnm3
848 3765 970 3823 Fulvius
996 3777 1098 3822 contra
1124 3765 1224 3839 queri,
1255 3783 1288 3823 se
1308 3766 1342 3821 ab
1361 3780 1389 3818 eo

343 3889 456 3945 semper
482 3854 654 3931 lacessitum·
670 3884 699 3930 et
725 3873 755 3929 in
782 3872 920 3948 probrum
949 3889 1031 3928 suum
1061 3871 1251 3945 sponsionem
1281 3871 1389 3933 factam

343 3986 439 4033 umen
469 3979 556 4034 umbo
582 3978 759 4053 significare,
788 3978 813 4035 si
843 3977 917 4034 ulter
936 3974 1039 4046 vellet,
1068 3992 1100 4032 se
1125 3975 1155 4032 in
1185 3988 1331 4053 potestate
1354 3982 1390 4031 tot

295 4090 329 4143 15
343 4083 502 4158 principum
525 4085 650 4142 civitatis
670 4083 792 4144 futuros.
829 4082 971 4141 Omnibus
992 4082 1176 4152 instantibus,
1198 4084 1250 4158 qui
1272 4084 1388 4145 ederant

343 4190 476 4247 dexteras
490 4190 633 4264 fidemque
647 4191 760 4257 dedere,
781 4189 926 4247 remittere
936 4206 1009 4245 vere
1019 4207 1053 4245 ec
1068 4188 1150 4245 tinne
1161 4189 1278 4260 odium;
1299 4187 1387 4248 deinde

341 4295 572 4353 collaudantibus
600 4296 709 4354 cunetis
737 4295 851 4354 deducti
881 4305 948 4351 sunt
971 4294 1001 4351 in
1025 4293 1213 4370 Capitolium.
1265 4298 1303 4356 Et
1329 4311 1387 4353 curs
