3484 5025
549 528 626 579 Liber
640 527 767 579 XXXVI.
788 529 837 592 (A.
855 528 916 580 chr.
936 530 1008 593 1⁹1.)
1231 534 1269 590 23

263 714 386 772 omanis
400 715 432 771 in
442 733 549 789 magna
562 715 647 790 copia
663 715 783 771 militurn
801 716 1019 772 succedentibus
1039 715 1102 772 aliis
1114 714 1143 771 in
1158 717 1312 774 stationem

263 819 378 889 iorum,
386 817 507 878 AEtolos
518 831 637 894 propter
648 820 823 894 paucitatem
836 821 952 877 eosdem
963 822 1023 877 dies
1031 823 1312 893 noctesqueassiduo

262 927 343 984 bore
355 934 466 983 urente.
512 926 571 981 Per
586 936 723 999 quattuor
738 936 766 982 et
778 926 880 1000 viginti
895 927 965 995 dies,
981 926 1022 982 ita
1034 935 1065 982 ut
1076 926 1184 983 nullum
1198 938 1312 1003 tempus
1326 929 1343 985 6

262 1049 367 1090 tcuum
390 1029 576 1087 dimicatione
598 1041 689 1101 esset,
714 1032 853 1107 adversus
877 1040 1014 1107 quattuor
1035 1050 1051 1088 e
1073 1033 1204 1105 partibus
1226 1033 1313 1091 simul

262 1146 460 1212 »pugnantem
483 1136 595 1191 hostem
618 1146 775 1193 nocturnus
807 1138 910 1194 diurno
937 1138 1120 1195 continuatus
1146 1137 1231 1194 labor
1259 1147 1311 1196 est.

262 1261 338 1299 uum
355 1241 497 1316 fatigatos
511 1240 569 1334 iam
581 1242 701 1297 AEtolos
716 1242 802 1299 sciret
819 1244 920 1300 consul
942 1252 970 1300 et
989 1262 1026 1299 ex
1043 1244 1156 1301 ratione
1174 1245 1312 1319 temporis
1327 1241 1341 1293 7

287 1345 372 1423 ¹quod
394 1348 437 1404 ita
458 1345 617 1421 transfugae
638 1346 833 1419 affirmabant,
856 1350 914 1406 tale
937 1350 1085 1406 consilium
1109 1350 1170 1409 init.
1213 1344 1343 1407 Media8

262 1462 325 1512 tote
347 1453 478 1527 receptui
499 1452 613 1527 signum
636 1454 727 1523 dedit,
750 1465 778 1510 et
803 1456 840 1511 ab
863 1455 1080 1529 oppugnatione
1102 1455 1312 1513 simubmilites

262 1575 342 1617 unes
365 1559 506 1616 deductos
528 1577 619 1633 usque
641 1558 678 1615 ad
700 1558 814 1615 tertiam
837 1558 893 1615 diei
912 1561 1013 1615 horam
1031 1560 1144 1635 quietos
1166 1561 1312 1617 incastris

262 1664 342 1723 nuit.
390 1664 466 1721 Inde
497 1673 592 1739 coepta
625 1665 804 1739 oppugnatio
837 1665 874 1720 ad
910 1666 1033 1721 mediam
1065 1684 1165 1722 rursus
1197 1665 1342 1723 noctem9

262 1772 383 1828 trducta
406 1771 463 1838 est,
494 1770 658 1827 intermissa
685 1770 788 1826 deinde
810 1788 903 1844 usque
925 1771 962 1826 ad
984 1771 1098 1859 tertiam
1122 1773 1177 1828 diei
1199 1774 1311 1829 horam.

262 1878 459 1953 atigationem
489 1877 545 1932 rati
574 1894 692 1931 oausam
721 1894 784 1932 esse
814 1867 911 1935 AEtoli
942 1895 999 1931 non
1029 1877 1229 1933 continuandae
1259 1896 1310 1953 op·
1327 1877 1363 1931 10

262 1984 446 2060 r'gnationis,
486 2000 551 2056 quae
588 1991 616 2037 et
650 1980 730 2055 ipsos
763 1978 918 2049 affecerat,
955 1982 1003 2038 ubi
1036 1983 1177 2039 Romanis
1211 1983 1310 2039 datum

262 2089 368 2165 neptui
383 2089 498 2163 signum
514 2096 598 2156 esset,
616 2087 694 2143 velut
711 2086 766 2161 ipsi
784 2104 900 2160 quoque
915 2088 1053 2157 revocati,
1073 2106 1126 2161 pro
1142 2106 1173 2143 se
1189 2087 1312 2162 quisque

262 2209 270 2250 t
297 2194 472 2252 stationibus
495 2192 683 2260 decedebant,
705 2210 757 2248 nec
780 2201 847 2247 ante
868 2183 982 2248 tertiam
1006 2192 1062 2248 diei
1081 2194 1183 2249 horam
1206 2193 1311 2248 armati

292 2300 381 2357 muris
404 2300 595 2374 apparebant.
645 2296 754 2354 Consul
779 2315 866 2369 quum
890 2307 974 2353 nocte
995 2297 1091 2353 media
1112 2297 1311 2353 intermisisset
1364 2282 1406 2357 24

262 2405 498 2482 'pugnationem
521 2412 626 2477 quarta
646 2402 745 2477 vigilia
766 2420 866 2458 rursus
889 2404 925 2458 ab
943 2403 1034 2459 tribus
1049 2402 1180 2477 partibus
1196 2421 1310 2458 summa

265 2508 465 2588 1aggressus,
494 2512 532 2567 ab
561 2529 620 2566 uua
641 2509 687 2569 Ti.
711 2507 915 2584 Sempronium
939 2519 1036 2566 tenere
1058 2512 1182 2566 intentos
1205 2501 1339 2566 milites2

262 2620 413 2692 §numque
435 2604 605 2691 exspectare
625 2616 717 2685 iussit,
740 2616 777 2671 ad
800 2634 835 2671 ea
856 2615 886 2671 in
907 2627 1049 2672 nocturno
1072 2616 1211 2686 tumultu,
1233 2616 1310 2672 unde
1377 2665 1379 2670 .
1424 2654 1445 2691 ς,

262 2712 353 2780 ἷιπιοτ
384 2721 585 2792 exaudiretur,
625 2721 703 2777 haud
743 2720 830 2776 dubie
861 2730 943 2776 ratus
976 2722 1074 2777 hostes
1107 2739 1308 2778 concursuros.

262 2816 336 2890 {toli
357 2846 427 2902 pars
449 2827 535 2900 sopiti
558 2825 664 2883 affecta
686 2827 787 2882 labore
817 2845 852 2882 ac
873 2826 979 2899 vigiliis
1001 2845 1126 2902 corpora
1148 2848 1184 2884 ex
1206 2826 1340 2884 somno3

262 2933 448 3002 bliebantur,
478 2951 546 3007 pars
575 2932 729 3006 vigilantes
754 2931 848 2987 adhuc
879 2934 917 2994 ad
944 2934 1093 3008 strepitum
1120 2933 1309 3007 pugnantium

263 3032 421 3094 'tenebris
443 3047 570 3095 currunt,
618 3037 726 3093 Hostes
755 3039 860 3110 partim
891 3057 943 3112 per
968 3039 1068 3094 ruinas
1092 3040 1212 3112 iacentis
1237 3039 1339 3096 muri4

262 3138 446 3201 &ascendere
458 3152 608 3211 conantur,
624 3143 729 3216 partim
749 3144 835 3199 scalis
851 3143 1008 3199 adscensus
1026 3150 1152 3210 tentant3
1171 3143 1310 3198 adversus

262 3246 316 3307 iba
337 3249 464 3322 undique
486 3247 524 3303 ud
546 3266 630 3321 opem
653 3247 801 3304 ferendam
824 3257 998 3305 concurrunt
1013 3247 1116 3305 AEtoli.
1153 3247 1229 3303 Pars
1242 3250 1340 3318 una,5

263 3342 275 3405 .*
304 3375 362 3430 qua
390 3354 512 3411 aedificia
540 3363 624 3409 extra
651 3354 750 3433 urbem
777 3363 873 3421 erant,
904 3372 998 3427 neque
1027 3351 1190 3408 defenditur
1216 3371 1310 3426 neque

262 3446 441 3539 {pugnatum
463 3460 515 3516 sed
537 3460 586 3534 qui
609 3469 821 3534 oppugnarent,
842 3459 944 3514 intenti
959 3458 1071 3533 signum
1087 3460 1309 3533 exspectabant3

262 3565 376 3663 'tiiensor
391 3585 479 3623 nemo
497 3565 608 3622 aderat.
657 3565 720 3620 Iam
743 3563 940 3632 diluoiscebat,
963 3583 1051 3637 quum
1073 3562 1185 3638 signum
1209 3564 1339 3639 consulss

262 3668 333 3742 stu,
366 3683 395 3730 et
428 3673 490 3729 sine
512 3670 580 3749 lullo
612 3669 768 3726 certamine
802 3668 908 3742 partim
938 3688 990 3743 per
1016 3670 1169 3739 semiruta,
1203 3669 1308 3744 partim

262 3766 326 3837 gulis
346 3780 477 3853 integros
499 3794 597 3832 muros
619 3774 829 3832 transcendere.
869 3774 961 3831 Simul
979 3775 1097 3844 clamor,
1119 3775 1207 3832 index
1232 3762 1310 3851 capti

262 3866 353 3959 bptdi,
382 3892 438 3939 est
454 3882 622 3951 exauditus,
655 3880 781 3953 undique
807 3879 902 3936 AEtoli
930 3879 1050 3936 desertis
1077 3881 1249 3938 stationibus
1279 3883 1308 3938 in

262 3981 334 4048 stom
356 3988 483 4064 fugiunt.
532 3985 679 4062 Oppidum
701 3986 827 4042 victores
849 3985 991 4059 permissu
1008 3985 1140 4060 „consulis
1162 3986 1338 4060 diripiunt?

262 4082 296 4155 bn
318 4108 379 4154 tam
406 4095 445 4151 ab
467 4094 513 4149 ira
534 4111 586 4149 neo
608 4093 645 4148 ab
669 4091 746 4160 odio,
771 4110 858 4166 quam
882 4101 914 4147 ut
936 4091 1027 4161 miles,
1051 4091 1191 4147 coercitus
1213 4091 1243 4146 in
1265 4101 1310 4146 tot

262 4190 358 4280 bsptis
389 4220 429 4258 ex
462 4207 607 4274 potestate
642 4197 768 4254 hostium
799 4197 934 4266 urbibus,
967 4195 1065 4269 aliquo
1095 4195 1210 4251 tandem
1243 4194 1308 4252 loco

262 4314 358 4368 uotum
382 4303 518 4365 victorias
538 4304 664 4360 sentiret.
713 4302 880 4361 Revocatos
902 4301 968 4357 inde
993 4320 1012 4358 a
1034 4301 1128 4357 medio
1150 4299 1241 4356 ferme
1262 4299 1339 4359 die8
