3484 5025
464 406 469 415 '
596 443 599 448 .
641 400 720 449 Liber
736 398 795 453 XL.
836 398 886 463 (A.
901 400 960 451 chr.
976 399 1049 467 182.)
1265 407 1321 464 21¹

270 597 400 639 .omnes
432 581 579 652 homines,
611 584 710 641 omnia
743 585 809 641 loca
842 590 1033 660 temporaque
1062 596 1198 661 suspecta
1226 589 1367 660 habehat3

290 667 448 761 postremo
477 706 584 762 negare
609 689 761 764 propalam
785 691 888 765 coepit,
914 691 985 747 satis
1014 700 1106 748 tutum
1132 692 1187 749 sibi
1212 694 1366 768 quicquam
1381 687 1406 753 7‘

292 808 375 859 asse,
408 791 464 848 nisi
485 792 593 850 liberos
616 813 730 866 eorum,
764 814 836 869 quos
857 795 1061 867 interfecisset,
1090 800 1314 873 comprehensos
1337 801 1367 857 in

291 896 432 953 custodia
452 899 573 955 haberet
594 909 623 955 et
643 908 773 974 tempore
794 901 882 958 alium
906 902 964 958 alio
986 903 1107 962 tolleret.
1146 904 1220 961 Eam
1244 905 1366 963 crudeli·
1439 902 1461 973 4

290 1009 402 1070 tatem,
435 1002 542 1061 foedam
571 1023 623 1079 per
651 1024 698 1073 se,
732 1005 884 1064 foediorem
913 1007 997 1064 unius
1027 1008 1131 1066 domus
1161 1009 1258 1066 clades
1287 1008 1364 1071 fecit.

289 1105 485 1178 Herodicum,
504 1110 662 1186 principem
678 1112 896 1192 Thessalorum,
918 1114 1014 1169 multis
1029 1123 1096 1171 ante
1108 1115 1190 1171 annis
1203 1116 1363 1184 occiderat3
1376 1121 1393 1177 2

289 1231 418 1289 generos
441 1233 557 1290 quoque
580 1218 640 1272 eius
662 1226 765 1291 postea
787 1216 942 1287 interfecit3
964 1219 993 1275 in
1013 1220 1155 1276 viduitate
1172 1220 1279 1278 relictae
1298 1221 1363 1278 filia

288 1319 424 1395 singulos
450 1321 526 1377 filios
553 1340 661 1395 parvos
688 1323 837 1379 habentes.
887 1324 1049 1381 Theoxena
1072 1332 1100 1380 et
1122 1326 1222 1381 Archo
1244 1327 1392 1389 nomina3

288 1424 327 1483 iis
349 1435 434 1483 erant
456 1427 633 1484 mulieribus.
683 1429 860 1498 Theoxena,
886 1429 982 1485 multis
1004 1429 1182 1503 petentibus,
1205 1442 1362 1505 aspernata

274 1509 411 1606 ‘nuptias
421 1540 478 1599 est;
494 1534 594 1623 Archo
604 1533 705 1594 Poridi
717 1533 841 1601 cuidam,
855 1533 941 1608 longe
952 1534 1073 1610 principi
1085 1535 1178 1608 gentis
1189 1536 1361 1608 AEnianum,
1375 1548 1392 1601 4

287 1635 399 1712 nupsit,
420 1646 448 1693 et
463 1638 540 1712 apud
557 1657 621 1695 eum
633 1638 730 1713 plures
742 1640 822 1695 enisa
838 1649 947 1714 partus,
966 1640 1065 1713 parvis
1083 1640 1238 1696 admodum
1254 1641 1361 1698 relictis

287 1745 436 1814 omnibus,
458 1745 589 1801 decessit.
633 1746 803 1815 Theoxena,
826 1755 857 1801 ut
877 1745 905 1801 in
922 1745 988 1801 suis,
1000 1744 1138 1801 manibus·
1152 1745 1234 1802 liberi
1251 1748 1390 1812 sororis5

286 1849 492 1921 educarentur,
515 1851 616 1908 Poridi
633 1850 730 1925 nupsit
746 1860 785 1919 et,
805 1860 944 1925 tanquam
969 1868 1068 1906 omnes
1090 1849 1154 1924 ipsa
1177 1851 1256 1907 enisa
1274 1851 1359 1922 foret,

284 1973 369 2013 auum
387 1955 553 2029 sororisque
568 1955 642 2011 filios
661 1956 690 2011 in
709 1955 809 2010 eadem
827 1956 955 2012 habebat
973 1974 1050 2012 cura
1096 1956 1260 2029 Postquam
1280 1958 1356 2032 regis
1372 1965 1388 2019 6

284 2060 414 2118 edictum
433 2062 469 2117 de
490 2060 766 2136 comprehendendis
781 2061 880 2117 liberis
894 2079 1007 2131 eorum,
1017 2092 1021 2108 ·
1032 2060 1081 2134 qui
1095 2059 1236 2116 interfecti
1253 2072 1357 2133 essent,

282 2165 414 2240 accepit,
437 2165 560 2223 ludibrio
582 2166 695 2223 futuros
716 2185 775 2221 non
796 2166 874 2240 regis
897 2166 998 2233 modo,
1020 2166 1071 2222 sed
1094 2166 1244 2226 custodum
1269 2167 1355 2223 etiam

281 2271 398 2329 libidini
409 2281 484 2341 rata,
500 2272 537 2328 ad
548 2291 608 2327 rem
628 2280 754 2327 atrocem
774 2272 900 2327 animum
913 2270 1026 2341 adiecit,
1049 2290 1178 2345 ausaque
1194 2281 1237 2327 est
1252 2272 1355 2343 dicere,
1371 2282 1386 2334 7

220 2448 229 2462 „
280 2394 315 2433 se
338 2394 394 2431 sua
416 2395 503 2432 manu
524 2377 620 2451 potius
642 2395 742 2433 omnes
763 2376 994 2445 interfecturam,
1019 2395 1106 2450 quam
1128 2377 1157 2433 in
1180 2386 1353 2452 potestatem

278 2481 414 2556 Philippi
448 2482 586 2542 venirent.
647 2482 732 2540 Poris
766 2482 950 2539 abominatus
983 2483 1155 2539 mentionem
1192 2494 1250 2539 tam
1284 2482 1384 2548 foedi8

278 2587 423 2647 facinoris
445 2589 578 2644 Athenas
607 2589 825 2662 deportaturum
861 2605 911 2644 eos
942 2589 980 2644 ad
1008 2589 1082 2646 fidos
1111 2589 1239 2663 hospites
1271 2589 1353 2661 dixit,

278 2693 496 2766 comitemque‘
516 2693 610 2767 ipsum
648 2692 725 2768 fuga
762 2693 890 2750 futurum
924 2712 995 2751 esse.
1051 2695 1279 2752 Proficiscentur
1314 2681 1386 2759 abii

277 2798 494 2858 Thessalonica
524 2801 652 2856 AEneam
693 2800 730 2856 ad
762 2808 868 2856 statum
905 2801 1091 2870 sacrificium,
1138 2801 1217 2875 quod
1248 2804 1353 2860 AEneae

277 2903 436 2963 conditori.
452 2922 517 2959 cum
547 2922 654 2978 magna
683 2905 849 2961 caerimonia
876 2907 1031 2979 quotannis
1060 2905 1179 2964 faciunt.
1229 2908 1275 2965 lbi
1305 2908 1403 2967 diel0
1452 2902 1457 2912 ’

276 3028 333 3086 per
355 3009 508 3065 sollemnes
531 3010 630 3083 epulas
649 3019 834 3083 consumpto,
859 3029 963 3067 navem
985 3021 1178 3085 praeparatam
1203 3013 1350 3082 aPoride,

276 3113 383 3189 sopitis
402 3114 544 3184 omnibus,
567 3115 603 3171 de
623 3115 709 3171 tertia
730 3115 830 3190 vigilia
852 3115 1047 3171 conscendunt
1069 3126 1207 3190 tanquam
1230 3117 1350 3172 redituri

276 3219 538 3288 Thessalonicam
576 3220 627 3276 sed
659 3220 790 3277 traiicere
823 3220 852 3276 in
887 3222 1029 3278 Euboeam
1063 3230 1125 3278 erat
1157 3221 1349 3295 propositum.
1396 3254 1401 3284 r

275 3325 414 3385 Ceterum
437 3324 466 3381 in
487 3325 642 3381 adversum
662 3335 779 3382 ventum
802 3326 995 3400 nequicquam
1018 3343 1067 3382 eos
1087 3327 1235 3384 tendentes
1258 3346 1350 3402 prope
1366 3334 1398 3390 ll

274 3441 386 3489 terram
408 3431 459 3486 lux
482 3431 640 3504 oppressit,
671 3439 699 3487 et
722 3431 811 3505 regii,
840 3431 890 3505 qui
912 3441 1055 3506 praeerant
1078 3432 1215 3488 custodiae
1238 3442 1349 3506 portus,

274 3536 404 3593 lembum
422 3545 566 3592 armatum
586 3536 623 3591 ad
634 3525 837 3606 retrahendam
851 3556 914 3593 eam
927 3536 1024 3592 navim
1037 3536 1175 3594 miserunt
1186 3557 1250 3594 cum
1262 3539 1347 3613 gravi

274 3641 382 3710 edicto,
404 3661 442 3698 ne
463 3649 675 3697 reverterentur
696 3641 758 3698 sine
779 3661 824 3698 ea.
870 3641 966 3724 Quum
985 3642 1042 3698 iam
1062 3643 1346 3718 appropinquabant,
1363 3646 1397 3703 12

272 3745 362 3804 Poris
373 3745 488 3820 quidem
502 3746 742 3803 adhortationem
753 3747 894 3821 remigum
907 3756 1120 3821 nautarumque
1130 3746 1256 3804 intentus
1269 3757 1345 3817 erat3

272 3851 419 3908 interdum
437 3871 540 3910 manus
555 3853 593 3908 ad
609 3853 707 3910 caelum
723 3853 842 3909 tendens
853 3854 933 3920 deos,
953 3861 985 3908 ut
999 3850 1107 3908 ferrent
1119 3871 1214 3927 opem,
1231 3854 1343 3909 orabat.

273 3957 375 4015 Ferox
401 3955 515 4014 interim
542 3957 667 4029 femina,
694 3959 731 4014 ad
752 3957 841 4014 multo
869 3965 936 4013 ante
964 3956 1184 4031 praecogitatum
1211 3957 1344 4014 revoluta
1360 3961 1395 4018 13

272 4057 397 4133 facinus,
418 4081 559 4118 venenum
578 4063 660 4120 diluit
674 4061 841 4137 ferrumque
858 4061 965 4136 promit
979 4072 1016 4132 et,
1034 4061 1130 4136 posito
1147 4061 1175 4117 in
1188 4071 1344 4137 conspectu

272 4167 380 4243 poculo
409 4166 574 4242 strictisque
601 4166 720 4242 gladiis,
750 4168 870 4237 „Mors“
898 4166 992 4241 inquit
1026 4183 1103 4236 „una
1132 4165 1267 4223 vindicta¹
1290 4176 1343 4223 est.

1099 4265 1164 4317 14*'
