3484 5025
484 500 522 556 42
726 496 804 546 arser
821 496 963 548 xxxvu.
1000 497 1045 562 (s.
1065 514 1093 553 ιι.
1111 515 1136 553 a
1154 500 1232 565 uas.)

440 682 480 749 Is,
504 699 592 755 quum
614 691 732 737 senatus
754 689 805 738 aut
825 680 923 738 sortiri
944 690 996 738 aut
1016 700 1190 758 comparare
1205 685 1282 742 iuter
1297 704 1329 743 se
1342 686 1469 762 provincias

439 785 572 844 consules
593 784 740 854 iussisset,
762 785 922 861 elegantius
942 785 1073 845 facturos
1094 790 1185 859 dixit,
1207 790 1233 848 si
1253 791 1359 849 iudicio
1377 802 1470 867 patruo,

410 893 528 966 dquam
550 892 575 948 si
597 892 669 947 sorti
691 910 755 947 eam
776 910 837 949 rem
860 892 1066 966 permisissent.
1102 893 1213 969 Scipio,
1233 913 1373 971 responso
1392 896 1471 954 adbuc

440 997 526 1068 dato,
554 996 763 1071 cogitaturum,
791 996 861 1070 quid
883 997 938 1054 sibi
956 997 1120 1056 faciendum
1141 1009 1235 1070 esset,
1257 1018 1322 1057 cum
1340 999 1471 1058 bursam

438 1101 552 1159 locutus
571 1102 724 1176 iussusque
745 1103 783 1158 ab
805 1122 841 1159 eo
862 1102 1029 1178 permittere
1050 1103 1190 1161 audacter
1210 1105 1340 1176 senatui,
1363 1104 1473 1164 renuntiat

408 1209 573 1284 beollegae,
593 1207 737 1266 facturum
760 1225 807 1275 se,
837 1208 916 1281 quod
937 1208 962 1266 is
985 1218 1122 1268 censeret.
1170 1209 1269 1283 Quum
1290 1228 1339 1267 res
1359 1221 1473 1268 autnon

438 1323 490 1371 eut
532 1324 677 1370 vetustate
719 1312 918 1386 exemplorum
963 1313 1109 1370 memorias
1149 1313 1210 1371 iam
1252 1316 1374 1373 exoletae
1409 1316 1473 1374 reluta

438 1419 654 1494 exspectatione
675 1418 839 1475 certaminis
861 1428 993 1474 senatum
1018 1419 1167 1487 erexisset,
1190 1420 1224 1479 P.
1237 1419 1338 1497 Scipio
1352 1420 1473 1480 Asnam

438 1524 520 1594 dixit,
539 1525 564 1581 si
582 1525 615 1583 L.
632 1522 761 1598 Scipioni
777 1522 860 1580 fratri
875 1541 928 1580 suo
946 1523 1125 1598 provinciam
1140 1524 1290 1583 Graeciam
1305 1526 1472 1594 decrerim,

389 1625 470 1685 10se
490 1628 616 1703 legatum
642 1628 758 1688 iturum.
806 1628 878 1685 Haec
906 1647 966 1685 vox
995 1646 1102 1702 magno
1124 1648 1247 1688 assensu
1272 1632 1373 1690 aridita
1392 1631 1472 1689 suetub
1508 1655 1510 1662 ·

437 1747 591 1790 certamen.
621 1733 756 1807 Experiri
771 1733 889 1803 libebat,
908 1744 1002 1791 utrum
1021 1733 1086 1809 plus
1104 1735 1167 1810 regi
1179 1736 1330 1795 Antiocho
1350 1739 1379 1795 in
1392 1735 1472 1796 Hand

436 1839 503 1895 bale
517 1840 593 1895 victo
609 1857 647 1895 an
666 1839 695 1895 in
710 1840 820 1895 victore
831 1838 974 1897 Africano
997 1839 1119 1924 consuli¹
1129 1839 1354 1916 legionibusque
1367 1839 1472 1904 Rcusa‘t

437 1944 537 2000 auxilii
558 1943 650 2012 furet3
672 1962 706 1999 oc
728 1963 819 2019 prope
842 1963 943 2001 omnes
962 1944 1091 2019 Scipioni
1106 1944 1265 2015 Graeciam,
1287 1946 1471 2005 Lmlioltslisn
1506 1972 1510 1978 ·

436 2049 632 2109 decreverunt.
651 2050 796 2105 Praetores
807 2050 875 2106 inde
886 2050 1050 2124 provincias
1060 2050 1237 2121 sortitisunt,
1250 2052 1471 2109 LsAuronculci·
1504 2077 1509 2086 ·

435 2156 589 2225 urbanam,
606 2152 658 2211 Cn.
676 2154 797 2211 Fulvius
813 2155 1008 2230 peregrinam,
1027 2155 1058 2213 L.
1070 2155 1211 2212 AEmilius
1225 2157 1359 2232 Regillus
1374 2158 1471 2226 classen

435 2260 470 2317 P.
491 2259 593 2316 Iunius
619 2260 729 2316 Brutus
751 2261 881 2329 Tuscos,
914 2262 957 2320 Μ.
984 2261 1111 2317 Tuccius
1136 2260 1278 2336 Apuliam
1312 2273 1343 2321 et
1367 2262 1471 2330 Bruttia

405 2363 469 2423 20.
495 2366 613 2423 Atinius
639 2364 779 2424 Siciliam.
833 2364 954 2424 Consuli
985 2366 1104 2435 deinde,
1136 2366 1182 2423 cui
1210 2365 1332 2426 Grecis
1357 2365 1471 2446 prosius!
1506 2395 1510 2400 ·

436 2471 553 2529 decreta
583 2483 660 2542 erat,
694 2473 731 2529 ad
759 2491 824 2529 eum
855 2472 1030 2540 exercitum,
1061 2490 1146 2547 quem
1176 2491 1197 2529 a
1222 2471 1275 2531 Μ’.
1303 2475 1396 2533 Acilio
1420 2473 1470 2543 (dus

436 2591 531 2634 autem
549 2578 678 2652 legiones
694 2585 787 2647 erent)
810 2588 982 2652 accepturus
1001 2588 1085 2646 esset,
1107 2577 1136 2635 in
1154 2578 1386 2653 supplementum
1401 2578 1471 2638 edlu

434 2682 562 2756 peditum
590 2684 695 2742 civium
722 2687 920 2741 Romanorum
951 2683 1008 2739 tris
1036 2683 1139 2752 millia,
1170 2685 1282 2758 equites
1313 2690 1470 2755 centum,t
1502 2728 1510 2763 ¹.

404 2788 544 2844 brorium
579 2789 675 2867 Latini
708 2789 832 2846 nominis
866 2789 994 2862 quinque
1026 2788 1131 2858 millia,
1163 2791 1277 2864 equites
1310 2792 1469 2861 ducenti;s
1508 2836 1510 2854 ,

434 2895 593 2962 adiectum,
623 2905 668 2963 ut,
698 2914 786 2969 quum
815 2895 845 2950 in
867 2894 1047 2969 provinciam
1068 2895 1210 2965 venisset,
1238 2897 1264 2954 si
1293 2917 1365 2955 ere
1386 2893 1469 2972 publio

403 3000 581 3056 drideretur
601 3018 678 3070 esse,
709 2999 866 3057 exercitum
890 3000 920 3057 in
942 3000 1046 3056 Asiam
1069 3002 1223 3058 traiiceret.
1273 3002 1369 3061 Alteri
1390 2994 1469 3059 counl

432 3114 511 3162 totus
531 3125 625 3162 novus
643 3106 786 3162 exercitus
802 3107 944 3176 decretus,
966 3105 1030 3162 duae
1046 3106 1175 3181 legiones
1189 3109 1334 3165 Romanas
1349 3118 1377 3166 et
1389 3105 1468 3164 nam

434 3211 531 3268 Latini
561 3211 686 3268 nominis
717 3212 880 3285 quindecim
914 3211 1004 3267 millia
1034 3209 1179 3285 peditum,
1221 3213 1335 3284 equites
1365 3204 1468 3271 sexcsstl

403 3318 601 3377 BExercitum
634 3336 671 3374 ex
700 3316 857 3391 Liguribus
891 3315 926 3388 Q.
958 3314 1103 3372 Minucius
1137 3315 1206 3387 (iam
1235 3318 1313 3377 enim
1340 3316 1468 3377 contras·

432 3424 612 3498 provinciam
634 3422 791 3497 scripserat
820 3433 849 3478 et
870 3422 1010 3496 Ligurum
1034 3439 1120 3476 omne
1140 3439 1248 3478 nomen
1275 3423 1307 3480 iu
1328 3426 1470 3484 deditione!

430 3529 556 3601 venisse)
583 3529 735 3585 traducere
763 3528 793 3584 in
815 3527 906 3584 Boios
927 3537 957 3582 et
977 3527 1013 3586 P.
1037 3522 1173 3582 Cornelio
1194 3533 1363 3601 proconsuli
1385 3530 1468 3590 csta·

398 3632 416 3688 6
428 3632 533 3703 iussus,
545 3653 581 3690 ex
596 3652 677 3708 agro,
690 3651 748 3707 quo
759 3633 851 3690 victos
863 3631 938 3688 bello
951 3630 1133 3702 multaverat,
1142 3633 1233 3690 Boios
1244 3636 1402 3701 deducenti.
1417 3641 1467 3699 Du

430 3739 549 3794 urbanoe
567 3738 704 3813 legiones,
726 3757 791 3812 quse
811 3737 910 3813 priore
931 3755 1009 3794 anno
1031 3737 1201 3812 conscriptas
1216 3754 1311 3814 erant,
1333 3747 1374 3809 Μ,
1387 3742 1466 3805 Torsit

430 3844 548 3918 praetori
570 3845 654 3914 datae,
677 3854 705 3900 et
727 3843 836 3901 socium
860 3860 896 3899 sc
917 3841 1015 3898 Latini
1037 3842 1161 3899 nominis
1183 3845 1314 3918 peditum
1337 3845 1465 3924 quindei·

429 3949 534 4020 millia,
567 3949 679 4024 equites
705 3949 833 4006 sexcenti
862 3948 900 4005 ad
929 3948 1069 4023 Apuliam
1099 3948 1290 4025 Bruttiosque
1318 3952 1464 4012 obtineat*

400 4057 468 4113 tn.
485 4054 621 4112 Cornelio
643 4055 800 4130 superioris
822 4053 890 4111 anni
912 4052 1039 4128 prseteri,
1061 4053 1111 4127 qui
1130 4055 1261 4114 Bruttios
1283 4076 1348 4116 cum
1370 4054 1464 4117 exuti!

428 4160 607 4231 obtinuerat,
628 4160 819 4235 imperatum,
840 4159 864 4216 si
885 4159 928 4216 ita
950 4157 1060 4215 consuli
1083 4159 1245 4233 videretur,
1266 4173 1299 4220 ut
1319 4158 1463 4240 legionesi·

427 4265 571 4322 AEtoliam
594 4266 732 4326 traiectas
753 4268 802 4326 M'.
823 4265 921 4325 Acilio
943 4264 1081 4330 traderet,
1103 4264 1128 4320 si
1149 4264 1175 4321 is
1196 4284 1316 4326 manera
1335 4269 1374 4327 ibi
1392 4263 1461 4327 vela
