3484 5025
523 506 776 575 mserxxxvm.
813 524 1024 588 (acueres.)
1141 567 1144 572 ,
1209 530 1263 585 119
1362 489 1366 502 ’

262 709 392 766 auslatis
413 710 445 767 in
465 710 570 767 lavam
592 710 693 781 hastis,
714 710 829 785 stringit
848 710 987 786 gladium.
1026 691 1118 768 l'auci
1133 712 1190 767 iam
1204 730 1305 787 super·
1322 716 1357 770 14

262 827 321 872 ant
350 814 523 885 Gallorum
563 816 613 890 qui
640 826 795 891 postquam
824 818 861 873 ab
889 816 947 874 levi
973 826 1122 874 armatura
1154 826 1305 892 superatos

262 944 266 973 t
287 920 432 978 videraut
453 930 482 977 et
503 920 612 978 instare
633 919 778 995 legionum
800 922 894 997 signa,
916 920 1009 979 effusa
1029 922 1100 997 iuga
1114 934 1210 980 castra
1224 942 1306 997 repe·

265 1036 301 1083 nt
331 1026 455 1101 pavoris
485 1038 515 1083 et
542 1026 681 1083 tumultus
701 1027 760 1083 iam
779 1027 880 1103 plena,
911 1038 942 1085 ut
964 1028 1014 1085 ubi
1034 1027 1148 1086 feminae
1168 1030 1307 1105 puerique

262 1133 352 1190 .alia
374 1132 499 1190 imbellis
527 1134 614 1190 turba
642 1134 787 1208 permixta
808 1145 892 1191 esset.
940 1136 1090 1192 Romanos
1112 1136 1235 1193 victores
1257 1136 1306 1193 de·
1323 1140 1358 1192 ¹5

262 1240 310 1296 trti
338 1238 413 1314 fuga
438 1239 566 1296 hostium
594 1251 767 1315 acceperant
793 1240 905 1296 tumuli.
950 1241 1010 1299 Sub
1038 1243 1114 1299 idem
1138 1252 1252 1317 tempus
1274 1243 1306 1299 L.
1360 1236 1401 1305 22

262 1345 372 1402 lanlius
403 1355 432 1402 et
462 1342 496 1403 Ο,
527 1345 665 1414 Helvius,
698 1364 801 1420 quum,
834 1346 933 1420 quoad
966 1348 1044 1404 mam
1077 1348 1164 1405 colles
1197 1347 1307 1421 obliqui

262 1452 394 1520 ederunt,
418 1450 623 1520 escendissent,
644 1461 798 1525 postquam
822 1453 860 1509 ad
881 1453 960 1510 invia
982 1463 1097 1510 ventum
1121 1465 1179 1525 est,
1201 1455 1307 1511 flexere

262 1575 299 1615 ‘er
318 1557 348 1613 in
371 1568 484 1632 partem
509 1556 623 1626 montis,
646 1576 710 1631 quae
732 1576 790 1614 una
809 1559 938 1616 habebat
958 1558 1021 1627 iter,
1044 1569 1072 1614 et
1086 1560 1168 1634 sequi
1183 1560 1337 1617 consulis2

262 1679 349 1737 gmon
371 1663 486 1719 modico
509 1674 631 1738 uterque
651 1663 804 1720 intervallo
826 1664 905 1721 velut
924 1683 961 1719 ex
975 1665 1136 1739 composito
1151 1676 1308 1741 coeperunt,

262 1768 323 1843 quod
345 1768 441 1843 primo
464 1770 605 1843 optimum
627 1767 707 1826 factu
728 1768 838 1840 fuisset,
860 1771 890 1826 in
911 1770 940 1826 id
962 1770 1133 1829 necessitate
1150 1772 1215 1847 ipsa
1229 1790 1308 1828 com·

262 1873 329 1931 salsi.
371 1874 512 1934 Subsidia
533 1876 607 1932 enim
629 1876 659 1932 in
680 1875 786 1932 talibus
808 1876 1007 1948 iniquitatibus
1028 1876 1157 1933 locorum
1181 1877 1338 1936 maxim03

262 1996 323 2054 epa
337 1982 402 2037 usui
416 1971 546 2051 fuerunt,
565 1993 605 2050 ut,
627 1982 727 2056 primis
742 1975 817 2039 forte
832 1981 1001 2051 deturbatis,
1025 1982 1142 2038 secundi
1164 1991 1193 2038 et
1210 1992 1309 2057 tegant

262 2085 355 2143 nuos
374 2097 402 2143 et
429 2087 534 2161 integri
562 2107 690 2163 pugnam
704 2087 874 2162 »excipiant
930 2086 1053 2157 Consul,
1087 2099 1241 2162 postquam
1271 2088 1339 2151 adt

263 2193 371 2249 anulos
400 2195 439 2250 ab
469 2194 526 2250 levi
556 2205 706 2251 armatura
727 2204 828 2269 captos
855 2194 950 2268 prima
971 2195 1055 2269 signa
1076 2193 1221 2268 legionum
1244 2213 1308 2269 per·

262 2310 399 2370 venerunt,
433 2301 578 2374 respirare
606 2310 635 2355 et
661 2300 864 2374 conquiescere
894 2300 1041 2376 paulisper
1072 2298 1189 2357 militem
1219 2299 1307 2357 iubet.

262 2395 338 2462 {nul
359 2415 455 2463 strata
475 2425 528 2480 per
549 2406 675 2464 tumulos
697 2424 821 2481 corpora
843 2404 997 2464 Gallorum
1021 2416 1155 2476 ostentat,
1179 2415 1207 2463 et
1221 2410 1340 2479 quum5

262 2509 316 2576 Uis,
336 2524 489 2571 armatura
510 2515 643 2588 proelium
664 2513 723 2570 tale
744 2512 971 2587 ediderit,·quid
991 2516 1029 2571 ab
1050 2514 1220 2588 legionibus,
1243 2512 1310 2587 quid

262 2610 387 2676 thiestis
411 2620 509 2688 armis,
532 2619 600 2692 quid
623 2620 661 2676 ab
683 2618 787 2675 animis
810 2617 1033 2676 fortissimorum
1053 2620 1173 2676 militum
1191 2638 1310 2694 exspec-

262 2721 318 2782 tu’?
349 2725 460 2784 Castra
481 2725 537 2783 illis
569 2725 710 2801 capienda
739 2743 817 2806 esse,
850 2725 880 2781 in
907 2744 972 2798 quae
996 2726 1161 2802 compulsus
1189 2728 1227 2782 ab
1254 2726 1311 2782 levi

262 2838 395 2890 matura
424 2832 516 2889 hostis
544 2832 680 2907 trepidet(
724 2831 894 2888 Praecedere
922 2842 1020 2888 tamen
1047 2832 1125 2888 iubet
1148 2832 1240 2888 levem
1265 2834 1342 2888 ar·6

262 2942 406 3010 usturam,
437 2955 516 3013 quae,
546 2956 634 3012 quum
657 2946 746 2992 staret
769 2955 891 3010 agmen,
922 2937 1091 3012 colligendis
1112 2958 1165 3014 per
1186 2938 1311 2995 tumulos

262 3032 312 3114 lis,
335 3057 370 3102 ut
393 3044 515 3101 missilia
536 3043 710 3116 sqffioerent,
732 3041 810 3099 haud
833 3060 922 3117 segne
944 3044 975 3100 id
996 3045 1091 3118 ipsum
1114 3054 1228 3119 tempus
1243 3061 1312 3099 con-

262 3157 418 3227 torpuerat.
467 3150 532 3206 Iam
556 3149 659 3206 castris
681 3149 965 3224 appropinquabant,
990 3158 1019 3206 et
1040 3149 1130 3218 Galli,
1151 3168 1187 3206 ne
1208 3155 1340 3223 parum7

262 3267 268 3302 ²
304 3250 496 3315 munimenta
522 3273 577 3312 sua
608 3265 753 3329 tegerent,
785 3254 890 3311 armati
922 3255 1083 3328 provallo
1115 3255 1310 3314 constiterant.

263 3352 351 3421 bruti
374 3361 480 3418 deiude
506 3361 584 3417 omni
605 3378 711 3435 genere
733 3360 866 3429 telorum,
904 3379 1001 3434 quum,
1024 3379 1082 3435 quo
1103 3360 1200 3435 plures
1224 3371 1312 3436 atque

262 3470 399 3527 tusiores
422 3478 516 3538 erant,
538 3486 573 3524 eo
589 3467 683 3525 minus
697 3465 765 3522 vani
781 3466 935 3540 quicquam
952 3468 1133 3524 intercideret
1155 3466 1212 3535 teli,
1236 3466 1312 3523 intra

262 3568 353 3633 ulum
389 3582 539 3629 momento
571 3571 709 3646 temporis
738 3571 965 3645 compelluntur,
997 3570 1170 3629 stationibus
1200 3581 1310 3628 tantum

262 3683 334 3739 *nris
366 3678 405 3735 ad
437 3678 519 3753 ipsos
551 3667 646 3736 aditus
679 3685 828 3751 portarum
860 3677 975 3753 relictis,
1036 3678 1071 3735 ln
1103 3676 1342 3735 multitudinem8

262 3786 429 3862 ›mpulsam
453 3785 484 3840 in
506 3794 603 3841 castra
617 3783 662 3840 vis
677 3784 777 3856 ingens
794 3782 943 3839 missilium
960 3783 1079 3841 telorum
1097 3783 1312 3867 coniiciebatur,

286 3891 443 3950 vulnerari
465 3892 572 3947 multos
590 3890 702 3947 clamor
715 3887 874 3962 permixtus
889 3888 1039 3946 mulierum
1055 3899 1142 3964 atque
1157 3908 1311 3965 puerorum

263 3999 410 4057 cratibus
440 3996 632 4070 significabat.
681 3995 716 4050 ln
746 4012 811 4061 eos,
842 3993 893 4067 qui
924 4004 1024 4068 portas
1052 3995 1224 4051 stationibus
1254 3995 1342 4054 suist)

262 4114 428 4174 arserant,
455 4101 602 4176 legionum
637 4099 817 4174 antesignani
845 4098 905 4173 pila
933 4099 1124 4159 coniecerunt.
1172 4100 1213 4157 Iis
1241 4119 1312 4158 vero

262 4219 301 4269 sn
316 4208 561 4275 vulnerabantur,
582 4206 643 4274 sed,
657 4203 899 4263 transverberatis
917 4205 1014 4276 scutis,
1035 4206 1165 4281 plerique
1186 4207 1261 4263 inter
1281 4225 1313 4263 se

262 4316 371 4374 'nserti
385 4315 548 4383 haerebant3
563 4330 616 4369 neo
631 4311 737 4368 diutius
748 4310 887 4385 impetum
896 4311 1096 4369 Romanorum
1107 4312 1311 4371 sustinuerunt.
