3484 5025
508 515 563 571 132
755 512 833 561 Liber
848 510 976 565 XXXIV.
1017 513 1099 577 (M
1111 529 1134 568 c.
1147 514 1221 580 ott.)

414 700 448 753 15
461 700 539 758 domi
558 699 737 756 haberemus.
778 696 844 754 Tali
865 704 995 773 tempore
1015 698 1044 755 iu
1065 698 1180 757 luxuria
1201 709 1230 758 et
1251 712 1354 762 ornatu
1373 713 1450 764 nanc

460 814 606 881 occupatae
617 813 707 873 erant,
721 811 754 859 nt
768 802 806 859 ad
818 821 882 860 earn
894 804 1079 861 coercendam
1095 802 1221 883 [Oppia]
1236 806 1284 865 lex
1294 808 1444 868 desiderata

460 932 562 990 quum,
590 910 658 986 qnia
684 907 797 966 Cereris
828 908 998 966 sacrificium
1026 909 1189 985 lugentibus
1215 913 1348 972 ommltus
1372 924 1450 974 matre

458 1017 650 1076 intermissum
671 1022 750 1085 erat,
777 1004 894 1071 senalus
921 1014 996 1072 finiri
1022 1014 1129 1073 luctum
1151 1018 1268 1093 triginta
1288 1021 1385 1080 diebus
1402 1022 1450 1082 ina

411 1123 445 1180 16
458 1123 514 1183 Cui
540 1142 598 1179 non
626 1129 761 1196 apparet,
794 1119 921 1196 inopiam
956 1129 985 1178 et
1013 1121 1156 1180 miseriam
1184 1124 1326 1196 civitatis,
1358 1124 1410 1205 [et]
1440 1154 1450 1184 ι

458 1230 584 1287 omnium
606 1227 782 1303 privatorum
805 1224 933 1300 pecunia
953 1225 983 1283 in
1005 1245 1086 1285 neum
1101 1229 1247 1303 publicum
1263 1233 1450 1296 vertendum

456 1338 542 1394 istam
563 1334 655 1409 legem
677 1330 840 1407 scripsisse,
869 1340 929 1388 tam
951 1332 1000 1389 diu
1022 1352 1202 1406 mansuram,
1232 1356 1319 1413 quam
1346 1338 1391 1396 din
1412 1356 1450 1399 οι

407 1443 441 1496 17
454 1439 610 1499 scribendae
629 1438 702 1513 legis
723 1435 895 1494 mansisset?
933 1438 1010 1495 Nam
1034 1438 1067 1508 si,
1089 1459 1153 1515 qnae
1173 1450 1242 1499 tunc
1263 1444 1450 1520 temporisne

453 1547 579 1606 decrevit
593 1554 709 1602 senatus
724 1553 773 1600 aut
786 1543 909 1619 populus
921 1542 1011 1614 iussit,
1032 1544 1244 1621 inperpetuum
1260 1549 1369 1607 servari
1382 1568 1450 1625 opst:

454 1675 505 1713 cur
525 1652 661 1729 pecunias
680 1649 825 1707 reddimus
846 1648 988 1724 privatis?
1023 1669 1074 1708 cur
1097 1652 1212 1727 publica
1233 1656 1365 1729 praesenti
1383 1673 1450 1731 psot

406 1756 603 1818 lSIocamns?
639 1775 690 1814 cur
716 1754 806 1824 servi,
835 1755 884 1830 qni
905 1756 1038 1825 militent,
1068 1775 1127 1813 nou
1152 1759 1306 1818 emuntur?
1331 1780 1379 1819 cur
1396 1759 1450 1837 pn‘t

360 1861 380 1927 'l
453 1885 511 1923 non
533 1866 634 1922 damus
654 1861 786 1937 remiges,
808 1861 882 1919 sicut
902 1870 969 1919 tunc
991 1862 1139 1920 dedimus?
1182 1863 1291 1923 Omnes
1312 1867 1396 1925 aliio
1428 1865 1450 1880 ⁰'

453 1988 552 2028 omnes
581 1968 711 2027 homines
741 1967 926 2024 mutationem
953 1968 983 2025 iu
1004 1968 1150 2027 meliorem
1180 1979 1289 2028 statum
1315 1972 1356 2030 rei
1381 1991 1399 2048 p

452 2077 585 2146 sentient3
622 2073 820 2148 ad'coniuges
845 2081 957 2130 tantum
983 2084 1097 2131 nostras
1127 2077 1207 2151 pacis
1236 2086 1265 2134 et
1292 2086 1374 2152 tranq
1394 2073 1424 2091 '⁹

420 2184 569 2259 lpublicae
586 2180 696 2238 fructus
713 2198 770 2235 nou
787 2177 952 2254 perveniet?
983 2181 1118 2255 Purpura
1133 2182 1189 2239 viri
1204 2192 1326 2256 utemur,
1341 2202 1397 2259 prae

449 2290 477 2346 in
499 2287 722 2364 magistratibus,
741 2286 771 2343 in
792 2280 973 2355 sacerdotiis3
995 2285 1077 2343 liberi
1097 2288 1188 2345 nostri
1208 2290 1354 2364 praetextis

447 2396 523 2470 togis
557 2402 683 2462 utentur;
720 2391 935 2468 magistratibus
974 2390 1004 2448 iu
1035 2392 1154 2451 coloniis
1188 2394 1429 2470 municipiisque,·

446 2501 547 2557 Romus
565 2498 662 2555 infimo
678 2498 785 2573 generi,
807 2496 951 2572 magistris
969 2497 1096 2555 vicorum
1115 2509 1189 2576 togae
1202 2511 1349 2577 praetextae
1361 2502 1397 2559 ha

417 2611 433 2664 3
445 2605 490 2661 ius
501 2603 706 2679 permittemus,
723 2622 776 2661 nec
792 2613 824 2662 ut
839 2604 898 2661 vivi
917 2601 1038 2681 [solum]
1050 2605 1175 2662 habeant
1186 2616 1297 2664 tantum
1310 2607 1421 2682 insigne,

446 2711 532 2767 etiam
555 2718 587 2766 ut
608 2729 671 2766 cum
694 2727 728 2766 eo
750 2718 910 2766 crementur
930 2710 1050 2779 mortui;
1071 2710 1184 2769 feminis
1200 2713 1353 2770 dumtaxat
1365 2732 1401 2789 pu

443 2834 496 2874 usn
512 2813 732 2873 interdicemus?
779 2817 826 2886 Et,
848 2834 935 2889 quum
953 2816 1004 2873 tibi
1020 2816 1082 2873 viro
1096 2817 1183 2874 liceat
1195 2837 1325 2893 purpura
1345 2818 1374 2875 in
1387 2824 1450 2875 sert

444 2923 601 2997 stragulam
632 2921 687 2990 uti,
723 2930 843 2978 matrem
879 2920 994 2978 familiae
1026 2929 1104 2979 tuam
1136 2942 1311 2999 purpureum
1345 2920 1450 2991 amicffl

443 3027 550 3084 habere
571 3046 628 3084 non
649 3027 733 3098 sines,
755 3036 784 3083 et
804 3045 894 3101 equus
918 3037 983 3084 tuus
1005 3027 1161 3102 speciosius
1181 3027 1319 3087 instratus
1342 3031 1394 3089 en't
1408 3038 1450 3106 qd

413 3140 518 3194 texor
544 3132 671 3190 vestita?
727 3132 787 3192 Sed
824 3132 854 3188 in
891 3152 1033 3208 purpure,
1072 3152 1136 3209 quas
1171 3134 1289 3207 teritur,
1328 3137 1450 3195 absumit

443 3239 576 3296 iniustam
598 3239 722 3314 quidem,
743 3238 794 3295 sed
815 3238 941 3313 aliquam
964 3248 1058 3296 tamen
1080 3257 1196 3297 cansam
1216 3243 1379 3301 tenacitatis
1397 3242 1450 3302 vidt

440 3345 469 3401 in
492 3365 563 3402 auro
585 3364 664 3415 vero,
685 3344 714 3400 iu
737 3363 794 3417 qno
815 3355 919 3418 praeter
934 3345 1142 3420 manupretium
1160 3346 1230 3404 nihil
1242 3348 1450 3409 intertrimentil

441 3469 504 3526 quse
526 3449 688 3525 malignitas
709 3449 771 3506 est?
806 3450 974 3507 Praesidium
994 3450 1089 3525 potius
1106 3451 1135 3507 in
1153 3471 1187 3508 eo
1204 3462 1247 3510 est
1265 3464 1294 3512 et
1311 3457 1350 3513 ad
1365 3457 1450 3532 privat

410 3553 468 3613 5et
489 3557 526 3612 ad
547 3555 677 3632 publicos
698 3573 776 3626 usus,
796 3556 870 3613 sicut
892 3556 1001 3632 experti
1023 3555 1099 3613 estis.
1141 3558 1259 3616 Nullam
1283 3563 1450 3621 aemulatione

437 3662 511 3718 inter
534 3680 565 3718 se
586 3660 779 3736 singularum,
802 3662 937 3736 qnoniam
959 3661 1038 3718 nulla
1057 3663 1191 3735 haberet,
1213 3684 1276 3724 esse
1298 3668 1404 3731 aiebat.
1444 3708 1450 3727 ι

436 3767 551 3824 hercule
572 3766 711 3823 universis
733 3766 816 3824 dolor
836 3777 864 3824 et
884 3767 1042 3842 indignatio
1057 3777 1110 3839 est,
1132 3789 1218 3844 quum
1236 3772 1382 3832 sociorum
1396 3773 1450 3833 Lol*

436 3871 558 3929 nominis
573 3871 710 3929 uxoribus
722 3872 818 3929 vident
829 3892 864 3930 ea
875 3891 1011 3930 concessa
1022 3884 1199 3944 ornamenta,
1215 3894 1279 3951 quae
1290 3879 1345 3936 sibi
1357 3882 1450 3956 ademp

406 3977 500 4047 6sint,
522 3996 609 4051 quum
630 3978 754 4052 insignes
776 3997 825 4036 eas
847 3996 910 4036 esse
931 3998 1002 4035 auro
1024 3987 1050 4035 et
1072 3998 1208 4054 purpura,
1233 4000 1323 4056 quum
1345 3985 1408 4043 illas
1421 4002 1450 4047 vt.

434 4099 486 4154 per
506 4080 621 4151 urbem,
650 4097 681 4138 se
701 4083 821 4157 pedibus
841 4084 938 4158 sequi,
968 4093 1105 4159 tanquam
1128 4086 1158 4142 in
1178 4086 1292 4146 illarum
1315 4090 1450 4148 civitatint

405 4190 491 4243 'tnon
528 4186 557 4242 iu
592 4202 646 4241 sua
675 4187 826 4262 imperinm
853 4189 899 4245 sit.
947 4190 1084 4247 Virorum
1111 4192 1166 4249 hoc
1195 4193 1307 4251 animos
1337 4197 1450 4254 vulnera

432 4299 541 4365 posset3
564 4291 632 4365 qnid
653 4292 882 4351 muliercularum
899 4295 1028 4366 censetis,
1051 4314 1122 4371 quas
1138 4297 1224 4356 etiam
1241 4319 1336 4375 parva
1350 4306 1450 4361 moveat
