3484 5025
479 522 538 582 tea
744 520 824 587 aare
837 520 954 574 xxxv.
989 508 1189 585 (susan.)

434 704 512 763 oculi
533 704 563 761 in
585 704 752 778 Quinotium
775 703 1001 779 Corneliumque
1030 704 1169 775 coniecti3
1196 723 1268 764 nem
1296 713 1331 788 ‚et
1357 705 1386 764 iu
1408 723 1476 764 uu

433 810 530 867 locum
557 811 710 886 petebant,
740 811 828 867 ambo
855 809 984 886 patricii,
1011 819 1041 867 et
1065 810 1108 868 rei
1134 810 1269 870 militaris
1289 810 1385 888 gloria
1400 827 1479 868 meu

405 920 592 990 butrumque
631 915 864 974 commendabat.
937 913 1073 974 Ceterum
1113 924 1182 974 ente
1221 917 1324 977 omnic
1359 925 1478 976 cortu

436 1022 634 1079 accendebant
656 1019 762 1079 fratres
791 1021 1026 1092 candidatorum,
1055 1021 1113 1080 duo
1141 1023 1299 1082 clarissimi
1326 1021 1415 1082 matr
1435 1035 1480 1080 u

434 1126 635 1202 imperatores.
681 1126 781 1184 Maior
790 1126 886 1201 glorie
899 1128 929 1184 in
939 1128 975 1184 P.
986 1127 1132 1203 Scipione,
1149 1136 1180 1186 et
1193 1147 1253 1204 qno
1268 1127 1374 1199 maior,
1387 1145 1419 1186 cc
1430 1143 1479 1202 μιν.

354 1269 358 1278 -
434 1233 501 1308 pior
521 1232 674 1301 invidiam3
697 1231 825 1305 Quinctii
845 1217 1002 1303 recentior,
1018 1242 1051 1290 ut
1071 1233 1122 1308 qui
1143 1253 1180 1292 eo
1197 1223 1277 1292 anno
1291 1234 1478 1309 mempheus

404 1339 620 1409 tiAccedebat,
650 1338 729 1412 quod
759 1337 832 1395 alter
863 1337 1006 1395 decimum
1030 1338 1088 1397 iam
1117 1358 1210 1415 prope
1234 1357 1345 1398 annum
1373 1338 1483 1398 unium

434 1443 466 1501 in
493 1443 584 1502 oculis
610 1443 760 1501 hominum
782 1441 896 1512 iuerat,
923 1461 989 1517 qum
1016 1460 1064 1501 res
1092 1443 1187 1500 minus
1215 1446 1363 1504 verendos
1384 1457 1480 1520 magn

435 1550 568 1608 homines
604 1550 669 1625 ipsa
700 1549 834 1606 satietate
867 1545 955 1618 facit;
989 1548 1091 1606 consul
1123 1549 1228 1607 iterum
1262 1559 1333 1627 post
1363 1548 1482 1608 tenet·

405 1654 633 1713 lHannibalem
660 1672 820 1729 censorque
849 1651 959 1721 fuerat3
994 1653 1025 1710 iu
1051 1652 1188 1726 Quinctio
1218 1672 1300 1714 nova
1328 1663 1359 1713 et
1380 1651 1481 1714 meir

437 1761 537 1818 omnia
564 1761 602 1817 ad
629 1760 754 1835 gratiam
784 1768 879 1828 erant;
916 1758 988 1816 nihil
1014 1778 1068 1816 nec
1094 1759 1218 1835 petierat
1255 1780 1275 1818 a
1303 1761 1411 1838 populo
1432 1765 1481 1836 ped

406 1865 424 1921 8
438 1867 614 1942 triumphum
628 1883 682 1923 nee
697 1866 819 1940 adeptus
835 1873 908 1921 erat.
957 1866 1018 1923 Pro
1033 1864 1125 1922 fratre
1138 1883 1291 1940 gemaene,
1312 1885 1371 1924 non
1383 1859 1481 1942 petru}

439 1990 471 2029 se
490 1980 589 2047 petere
610 1972 723 2041 aiebat,
754 1989 808 2046 pro
839 1970 937 2044 legato
966 1980 996 2027 et
1019 1970 1160 2046 participe
1181 1970 1403 2030 administrandi
1420 1965 1482 2036 b&

407 2078 425 2134 tt
439 2096 472 2136 se
487 2085 573 2148 terra,
589 2076 710 2136 fratrem
722 2076 796 2133 mari
807 2095 867 2133 rem
878 2076 1013 2151 gessisse.
1059 2075 1115 2132 His
1129 2074 1263 2146 obtinuit,
1276 2085 1311 2133 nt
1324 2074 1482 2153 proferrem

438 2182 604 2251 candidato,
626 2191 711 2256 quem'
729 2181 887 2239 Africanus
902 2180 993 2238 frater
1011 2180 1146 2251 ducebat,
1166 2199 1254 2255 quem
1272 2180 1408 2240 Cornelis

438 2286 574 2346 Cornelio
596 2288 715 2346 consule
739 2287 858 2344 comitia
887 2287 1029 2357 habente,
1058 2303 1144 2360 quem
1174 2295 1289 2346 tentum
1310 2287 1399 2365 proin
1418 2284 1446 2300 '‘

438 2402 573 2463 senatus,
604 2393 699 2450 virum
728 2411 745 2449 e
773 2391 891 2449 civitate
920 2391 1061 2467 optimum
1088 2390 1262 2463 iudicatum,
1303 2394 1355 2469 qui
1383 2411 1427 2452 me

390 2495 549 2558 tumeam
563 2499 736 2558 Pessinunte
757 2497 919 2555 venientem
940 2497 970 2555 in
987 2498 1087 2555 urbem
1109 2496 1263 2572 acciperet.
1295 2493 1481 2573 ,LQuicslh

423 2613 470 2661 ·et
501 2603 554 2664 Cn.
585 2604 733 2662 Domitius
764 2604 982 2662 Ahenobarbus
1015 2577 1268 2673 consules-factm
1306 2604 1381 2662 adeo
1409 2600 1478 2662 noh

440 2708 555 2784 plebeio
573 2709 688 2784 quidem
706 2709 833 2778 consule,
856 2727 945 2782 quum
958 2726 1013 2784 pro
1029 2705 1063 2765 C.
1074 2707 1164 2765 Laelio
1178 2707 1331 2781 niteretur,
1351 2708 1415 2767 Afri

390 2811 424 2866 ll
441 2813 543 2872 veluit.
590 2815 715 2871 Postero
745 2815 791 2872 die
819 2822 959 2890 praetores
982 2811 1071 2869 creati
1093 2812 1128 2868 L.
1153 2811 1325 2872 Scribonius
1346 2808 1476 2885 Libuit

440 2919 562 2977 Fulvius
577 2917 775 2989 Centumalus,
792 2921 832 2976 A.
845 2918 954 2976 Atilius
969 2918 1123 2989 Serranus,
1138 2919 1181 2976 M.
1194 2919 1313 2978 Baebius
1327 2916 1480 2996 Tampilus

441 3026 476 3083 L.
501 3024 637 3083 Valerius
658 3026 781 3101 Tappo,
803 3023 840 3097 Q.
862 3023 999 3081 Salonina
1021 3023 1120 3083 Sarra.
1167 3024 1313 3083 AEdilitas
1332 3022 1441 3101 insignit

390 3124 428 3181 12
442 3148 519 3187 anno
547 3129 603 3189 fuit
630 3132 673 3192 M.
699 3129 815 3189 AEmilii
843 3127 947 3204 Lepidi
978 3138 1007 3184 et
1035 3129 1070 3189 L.
1100 3129 1214 3186 AEmilii
1242 3129 1340 3192 Pauli.
1398 3124 1481 3187 liuta

442 3235 594 3310 pecuarios
616 3236 806 3304 damnarunt3
828 3253 866 3291 ex
888 3252 924 3290 ee
943 3233 1067 3307 pecunia
1086 3233 1180 3308 clipea
1195 3233 1335 3292 incurate
1350 3228 1480 3311 inistl'ff't,

441 3339 523 3396 lovis
536 3341 605 3397 aedis
617 3351 785 3416 posuerunt.
814 3338 964 3397 Ponticum
977 3356 1064 3395 unam
1077 3348 1161 3396 extra
1172 3348 1290 3414 portam
1302 3339 1480 3416 Tage-tunt

442 3446 573 3519 emporio
602 3446 642 3503 ad
668 3446 798 3503 Tiberim
826 3443 957 3513 adiecto,
987 3443 1108 3500 alteram
1141 3462 1160 3502 e
1187 3453 1275 3519 porte
1297 3434 1480 3503 Fonmnlul

441 3550 545 3606 Martis
568 3570 660 3620 aram,
683 3570 741 3625 qua
762 3550 791 3605 in
811 3568 945 3624 campum
966 3549 1022 3605 iter
1040 3557 1125 3617 esset,
1147 3548 1357 3622 perduxerunt.

343 3648 382 3719 ll
523 3655 583 3712 Diu
604 3654 675 3713 nihil
692 3656 722 3712 in
744 3653 901 3730 Liguribus
922 3654 1041 3728 dignum
1057 3653 1199 3712 memoria
1218 3664 1335 3730 gestum
1356 3661 1427 3723 στας
1442 3662 1475 3705 u·

409 3759 533 3817 itremo
547 3760 610 3818 eiua
624 3761 693 3818 anni
706 3761 751 3819 bis
765 3760 794 3816 in
807 3777 944 3832 magnum
956 3757 1114 3834 periculum
1128 3776 1176 3815 res
1188 3758 1319 3817 adducta
1329 3767 1382 3825 est.
1421 3754 1486 3817 lilla

441 3873 470 3921 et
488 3874 585 3922 castra
601 3865 726 3922 consulis
742 3874 913 3940 oppugnata
925 3882 1002 3938 segre
1013 3872 1080 3920 sunt
1090 3862 1219 3933 defensa,
1237 3874 1267 3921 et
1283 3883 1344 3923 non
1360 3864 1401 3922 ita
1412 3854 1482 3919 fl

441 3979 509 4045 post
534 3989 588 4045 per
607 3970 713 4027 saltum
736 3979 890 4045 angustum
913 3987 1002 4043 quum
1024 3969 1177 4026 duceretur
1206 3987 1314 4045 agmen
1333 3972 1482 4029 Romu*

409 4075 520 4150 3ipsas
550 4073 651 4132 fauces
679 4074 822 4133 exercitus
850 4074 992 4150 Ligurum
1022 4074 1137 4135 insedit.
1197 4073 1266 4148 Qua
1297 4093 1384 4150 quum
1407 4066 1500 4135 ml

440 4197 499 4236 non
526 4189 655 4255 pateret,
684 4197 824 4236 converso
853 4181 971 4254 agmine
997 4181 1092 4238 redire
1119 4180 1224 4237 institit
1250 4180 1362 4239 consul.
1402 4166 1500 4235 Μ’*

439 4291 522 4360 tergo
537 4283 638 4343 fauces
645 4283 741 4341 saltus
751 4295 900 4361 occupatae
919 4304 939 4344 a
952 4293 1037 4362 parte
1051 4285 1179 4343 hostium
1195 4294 1290 4357 erant,
1308 4281 1486 4349 &cdiw'
