3484 5025
458 542 517 597 218
693 571 699 586 t
739 536 829 615 'Liber
844 535 900 584 XL.
935 533 981 599 (Δ.
992 550 1018 587 u.
1032 550 1052 587 c.
1068 536 1142 600 572.)

414 732 444 780 te
465 730 597 778 senectus
623 701 817 794 absumpserit
846 700 907 776 eut
929 738 965 775 ne
986 737 1022 776 ea
1044 718 1163 792 quidem
1192 709 1364 793 exspectata
1388 719 1463 788 fuerit,
1508 743 1510 748 ·

415 846 512 903 regem
534 843 714 900 regnumque
737 824 917 881 Macedonioe
939 842 993 880 suu
1014 823 1112 881 futura
1134 824 1241 881 sciunt
1289 824 1322 883 Si
1345 824 1407 898 quid
1423 844 1461 881 er·
1508 851 1510 858 ·

415 943 461 990 tre
483 930 686 992 Macedoniam
709 931 761 986 tihi
782 930 908 987 Romani
929 929 1121 1003 reliquissent,
1155 929 1228 986 mihi
1252 948 1369 1004 quoque
1385 929 1411 985 id
1427 948 1462 986 rc·

385 1038 512 1095 llictum
536 1036 680 1094 crederem
703 1034 927 1108 receptaculum.
964 1037 1007 1091 At
1026 1034 1055 1090 in
1079 1034 1298 1091 Macedonibus
1320 1036 1388 1091 sutis
1409 1053 1463 1109 pra

414 1143 479 1199 sidii
504 1154 556 1198 est.
604 1140 711 1197 Vidisti
733 1142 868 1214 hesterno
891 1139 937 1196 die
958 1124 1097 1213 impetum
1122 1140 1249 1197 militum
1272 1141 1303 1197 in
1326 1159 1385 1209 me;
1412 1140 1463 1214 quid

413 1249 469 1305 illis
498 1248 590 1305 defuit
620 1246 674 1302 nisi
703 1244 834 1302 ferrum?
871 1245 957 1317 Quod
980 1244 1036 1301 illis
1058 1245 1156 1302 defuit·
1178 1246 1326 1315 interdiu,
1358 1245 1464 1303 convive

385 1354 512 1414 stratus
544 1363 632 1409 noctu
664 1359 871 1426 sumpserunt,
914 1349 991 1423 Quid
1022 1351 1058 1407 de
1079 1370 1188 1427 magna
1214 1362 1303 1426 parte
1327 1352 1464 1426 principun

413 1460 533 1532 loquar,
566 1458 616 1532 qui
644 1456 673 1511 in
695 1456 837 1513 Romanis
865 1473 946 1529 spem
977 1475 1090 1513 omnem
1122 1457 1276 1531 dignitatis
1305 1467 1335 1514 et
1363 1456 1465 1513 fortune

413 1573 572 1639 posuerunt
590 1572 622 1630 ¹et
642 1562 671 1618 iu
695 1580 739 1629 eu,
762 1560 811 1634 qui
834 1561 932 1617 omnis
955 1562 1032 1636 apud
1055 1564 1207 1619 Romanos
1231 1560 1351 1637 potest?
1382 1562 1465 1635 Neque

412 1667 529 1726 hercule
551 1666 637 1722 istum
668 1665 736 1722 mihi
759 1675 887 1735 tantum,
918 1665 1003 1724 fratri
1026 1668 1145 1737 maiori,
1170 1668 1223 1724 sed
1256 1686 1351 1743 prope
1381 1678 1426 1736 cst,
1443 1676 1466 1723 ut

383 1773 464 1837 stibi
487 1790 603 1846 quoque
624 1771 689 1845 ipsi,
718 1771 780 1845 regi
803 1780 831 1826 et
850 1771 936 1846 putri,
963 1769 1126 1846 praeferant.
1174 1774 1238 1830 Iste
1264 1773 1341 1831 euim
1364 1783 1412 1842 est,
1429 1790 1466 1828 cu·

412 1879 457 1934 ius
479 1875 618 1934 beneficio
639 1894 756 1951 poenam
778 1876 830 1933 tibi
853 1886 971 1933 senatus
993 1878 1111 1947 remisit,
1134 1878 1184 1951 qui
1199 1896 1279 1934 nunc
1301 1887 1333 1935 te
1347 1880 1384 1935 ab
1397 1878 1467 1934 urnis

412 1983 554 2041 Romanis
575 1981 711 2057 protegit,
733 1981 783 2056 qui
803 1991 883 2038 tuam
904 1992 1079 2039 senectutem
1104 1983 1267 2058 obligatum
1284 1993 1315 2040 et
1330 1983 1468 2040 obnoxiam

363 2096 400 2151 10
414 2088 616 2145 adolescentiae
637 2104 697 2142 suae
719 2105 782 2143 esse
804 2106 917 2161 aequum
941 2097 1047 2147 censet.
1093 2089 1154 2145 Pro
1174 2089 1233 2145 isto
1250 2090 1380 2147 Romani
1399 2097 1470 2159 stent,

412 2212 467 2268 pro
491 2194 546 2250 isto
577 2211 677 2251 omues
704 2194 791 2249 urbes
818 2203 868 2250 tuo
896 2194 1018 2268 imperio
1044 2193 1189 2261 liberatae,
1228 2213 1285 2269 pro
1309 2196 1368 2252 isto
1389 2197 1471 2252 Mece-

413 2300 513 2368 doues,
535 2299 584 2373 qui
608 2317 680 2374 pace
701 2300 837 2356 Romane
857 2299 998 2373 gaudent3
1021 2299 1090 2355 mihi
1111 2308 1219 2373 praeter
1240 2308 1279 2370 te,
1304 2312 1399 2376 pater,
1417 2302 1472 2375 quid

414 2423 536 2478 usquam
560 2415 609 2460 aut
635 2404 697 2479 spei
719 2414 770 2459 aut
790 2403 916 2478 praesidii
939 2403 1003 2460 est?
1041 2404 1107 2478 Quo
1129 2415 1267 2480 spectare
1288 2407 1358 2463 illas
1379 2409 1473 2464 litteras

413 2512 450 2567 ud
474 2521 502 2566 te
523 2529 599 2568 nunc
621 2512 724 2567 missas
746 2511 783 2566 T.
807 2509 933 2582 Quinctii
955 2509 1063 2578 credis,
1091 2511 1194 2585 quibus
1219 2521 1248 2567 et
1270 2514 1349 2571 bene
1371 2526 1398 2571 te
1417 2533 1472 2572 con·

355 2683 362 2707 l
412 2616 535 2685 suluisse
559 2618 645 2672 rebus
675 2616 731 2672 tuis
757 2616 811 2687 ait,
845 2617 923 2690 quod
946 2615 1125 2672 Demetrium
1148 2618 1277 2674 Romam
1301 2620 1428 2690 miseris,
1451 2629 1473 2676 et

412 2721 554 2789 hortatur,
573 2731 605 2777 ut
626 2722 729 2777 iterum
752 2732 781 2778 et
802 2740 865 2777 cum
889 2721 1019 2796 pluribus
1040 2721 1144 2795 legatis
1166 2731 1194 2777 et
1218 2723 1399 2796 primoribus
1420 2744 1472 2781 eum

382 2827 544 2890 2remittas
566 2826 782 2883 Macedonum?
812 2828 848 2883 Τ.
876 2826 1027 2898 Quinctius
1059 2845 1134 2883 nunc
1161 2837 1206 2883 est
1229 2839 1338 2887 auctor
1361 2832 1471 2887 omnium

411 2951 506 2987 rerum
528 2931 576 2987 isti
598 2940 626 2986 et
647 2932 794 3006 magister.
830 2932 907 2989 Eum
929 2932 993 3001 sibi,
1015 2941 1043 2987 te
1059 2932 1194 2988 abdicato
1218 2944 1317 3008 patre,
1341 2936 1369 2992 in
1391 2936 1472 2992 locum

411 3046 491 3092 tuum
509 3036 669 3104 substituit3
692 3037 750 3094 illic
765 3047 832 3093 ante
847 3039 946 3094 omniu
961 3038 1139 3093 claudestina
1155 3047 1240 3094 cocta
1262 3051 1335 3097 sunt
1357 3041 1472 3099 consiliu

381 3142 587 3214 3Quaeruntur
615 3142 763 3197 adiutores
786 3144 929 3214 consiliis,
964 3162 1050 3216 quum
1087 3154 1115 3199 te
1147 3144 1247 3217 plures
1283 3157 1314 3200 et
1343 3146 1472 3220 principes

411 3249 603 3305 Macedonum
627 3265 691 3303 cum
714 3248 770 3304 isto
794 3249 907 3304 mittere
928 3248 1016 3304 iubet.
1070 3248 1127 3320 Qui
1153 3249 1221 3305 hinc
1244 3251 1355 3325 integri
1376 3263 1404 3308 et
1424 3251 1484 3307 sin-¹

410 3355 469 3410 ceri
488 3356 612 3411 Romam
636 3363 714 3422 eunt,
747 3353 914 3429 Philippum
938 3373 1035 3428 regem
1059 3371 1090 3409 se
1111 3354 1222 3410 habere
1245 3357 1407 3425 credentes,
1427 3358 1472 3412 im·

302 3518 305 3525 ¹
381 3460 471 3523 4buti
493 3460 571 3516 illinc
593 3468 621 3515 et
643 3457 740 3514 infecti
762 3458 904 3515 Romanis
928 3458 1124 3515 delenimentis
1146 3459 1279 3519 redeunt.
1318 3463 1471 3519 Demetrius

409 3565 444 3622 iis
468 3583 542 3620 unus
567 3564 665 3620 omnia
688 3573 745 3633 est3
775 3584 839 3621 eum
871 3565 929 3620 iam
956 3581 1069 3637 regem,
1097 3564 1166 3620 vivo
1196 3573 1293 3640 patre,
1326 3569 1470 3643 appellant.

409 3670 481 3726 Haec
503 3670 527 3725 si
548 3670 697 3744 indignor,
729 3669 902 3726 audiendum
927 3678 971 3725 est
1001 3670 1096 3725 stetim
1129 3689 1189 3726 non
1218 3672 1258 3728 ab
1293 3675 1360 3730 aliis
1381 3675 1470 3742 solum,

379 3775 460 3837 5sed
483 3774 569 3830 etiem
594 3793 612 3829 a
635 3785 672 3843 te,
694 3784 787 3848 pater,
809 3775 975 3849 cupiditatis
997 3775 1220 3849 regni'crimeu.
1265 3779 1335 3853 Ego
1357 3777 1470 3850 vero,si

409 3881 438 3936 in
461 3880 556 3936 medio
578 3879 704 3954 ponitur,
726 3898 784 3934 uon
808 3898 945 3954 agnosco.
990 3880 1083 3952 Quem
1106 3881 1181 3937 euim
1205 3901 1260 3939 suo
1276 3884 1346 3942 loco
1369 3903 1470 3952 moveo,

410 3996 441 4043 ut
463 3987 526 4060 ipse
545 3985 575 4040 in
598 3985 659 4040 eius
679 3983 774 4040 locum
798 3984 973 4042 succedam?
995 3986 1079 4044 Unus
1102 3997 1169 4043 ente
1193 4007 1241 4045 me
1261 4001 1350 4063 pater
1371 4000 1421 4060 est,
1440 3998 1470 4056 el,

379 4099 442 4157 eut
462 4090 510 4146 diu
533 4091 585 4161 sit,
607 4091 676 4147 deos
699 4108 783 4164 rogo.
838 4091 992 4166 Superstes
1014 4091 1116 4164 (etita
1137 4093 1208 4164 sim,
1231 4095 1256 4151 si
1279 4098 1427 4166 merebor,
1445 4101 1470 4150 ut

408 4194 471 4269 ipse
492 4215 538 4251 me
560 4215 623 4253 esse
637 4197 718 4269 velit)
740 4197 930 4254 hereditatem
946 4197 1037 4272 regni,
1061 4199 1085 4254 si
1100 4208 1185 4273 pater
1200 4201 1310 4272 tradet,
1333 4202 1469 4276 accipiam.

379 4297 498 4374 70upit
521 4320 657 4376 regnum,
695 4311 724 4359 et
757 4303 872 4377 quidem
904 4304 1043 4361 scelerate
1064 4303 1159 4377 cupit,
1192 4304 1244 4378 qui
1277 4308 1470 4367 transcendere

298 4398 379 4466 Ε
427 4460 432 4473 ,
