<?xml version="1.0" encoding="UTF-8"?>
<!DOCTYPE html PUBLIC "-//W3C//DTD XHTML 1.0 Transitional//EN"
    "http://www.w3.org/TR/xhtml1/DTD/xhtml1-transitional.dtd">
<html xmlns="http://www.w3.org/1999/xhtml" xml:lang="en" lang="en">
 <head>
  <title>
</title>
<meta http-equiv="Content-Type" content="text/html;charset=utf-8" />
  <meta name='ocr-system' content='tesseract 3.04.00' />
  <meta name='ocr-capabilities' content='ocr_page ocr_carea ocr_par ocr_line ocrx_word'/>
</head>
<body>
  <div class='ocr_page' id='page_1' title='image "./titiliviihistor00ussigoog_0032.png"; bbox 0 0 3484 5025; ppageno 0'>
   <div class='ocr_carea' id='block_1_1' title="bbox 817 506 991 576">
    <p class='ocr_par' dir='ltr' id='par_1_1' title="bbox 817 506 991 576">
     <span class='ocr_line' id='line_1_1' title="bbox 817 506 991 576; baseline 0.006 -2"><span class='ocrx_word' id='word_1_1' title='bbox 817 506 822 518; x_wconf 83' lang='lat'>&#39;</span> <span class='ocrx_word' id='word_1_2' title='bbox 913 533 991 576; x_wconf 78' lang='lat' dir='ltr'><strong>xxvi</strong></span> 
     </span>
    </p>
   </div>
   <div class='ocr_carea' id='block_1_2' title="bbox 419 712 1486 1287">
    <p class='ocr_par' dir='ltr' id='par_1_2' title="bbox 419 712 1486 1287">
     <span class='ocr_line' id='line_1_2' title="bbox 419 712 1484 788; baseline -0.003 -16"><span class='ocrx_word' id='word_1_3' title='bbox 419 717 503 787; x_wconf 75' lang='lat' dir='ltr'><strong>pres.</strong></span> <span class='ocrx_word' id='word_1_4' title='bbox 531 716 640 773; x_wconf 79' lang='lat' dir='ltr'><strong>uelli</strong></span> <span class='ocrx_word' id='word_1_5' title='bbox 668 732 696 786; x_wconf 84' lang='lat' dir='ltr'><strong>p.</strong></span> <span class='ocrx_word' id='word_1_6' title='bbox 725 716 745 769; x_wconf 89' lang='lat'><em>2</em></span> <span class='ocrx_word' id='word_1_7' title='bbox 773 715 811 770; x_wconf 85' lang='lat' dir='ltr'><strong>ad</strong></span> <span class='ocrx_word' id='word_1_8' title='bbox 843 716 966 784; x_wconf 84' lang='lat' dir='ltr'><em>XXVII,</em></span> <span class='ocrx_word' id='word_1_9' title='bbox 999 714 1055 785; x_wconf 73' lang='lat'><strong>43,</strong></span> <span class='ocrx_word' id='word_1_10' title='bbox 1086 716 1101 767; x_wconf 94' lang='grc'><strong><em>7</em></strong></span> <span class='ocrx_word' id='word_1_11' title='bbox 1129 723 1156 769; x_wconf 82' lang='lat' dir='ltr'><strong>et</strong></span> <span class='ocrx_word' id='word_1_12' title='bbox 1185 712 1225 788; x_wconf 85' lang='lat'><strong>8.)</strong></span> <span class='ocrx_word' id='word_1_13' title='bbox 1265 718 1280 770; x_wconf 88' lang='lat'><strong>7</strong></span> <span class='ocrx_word' id='word_1_14' title='bbox 1320 712 1484 769; x_wconf 77' lang='lat' dir='ltr'><strong>custodiam</strong></span> 
     </span>
     <span class='ocr_line' id='line_1_3' title="bbox 420 796 1485 871; baseline -0.003 -17"><span class='ocrx_word' id='word_1_15' title='bbox 420 798 496 871; x_wconf 88' lang='lat' dir='ltr'><strong>(edd.</strong></span> <span class='ocrx_word' id='word_1_16' title='bbox 528 799 618 870; x_wconf 77' lang='lat' dir='ltr'><strong>qued.</strong></span> <span class='ocrx_word' id='word_1_17' title='bbox 646 798 728 869; x_wconf 82' lang='lat' dir='ltr'><strong>ceti.)</strong></span> <span class='ocrx_word' id='word_1_18' title='bbox 753 796 757 871; x_wconf 86' lang='lat'><em>(</em></span> <span class='ocrx_word' id='word_1_19' title='bbox 782 799 870 861; x_wconf 85' lang='lat' dir='ltr'><strong>(Dure</strong></span> <span class='ocrx_word' id='word_1_20' title='bbox 901 800 930 852; x_wconf 84' lang='lat' dir='ltr'><strong>m</strong></span> <span class='ocrx_word' id='word_1_21' title='bbox 953 801 1093 853; x_wconf 80' lang='lat' dir='ltr'><strong>sententia</strong></span> <span class='ocrx_word' id='word_1_22' title='bbox 1122 799 1245 853; x_wconf 80' lang='lat' dir='ltr'><strong>relatiua</strong></span> <span class='ocrx_word' id='word_1_23' title='bbox 1271 798 1397 863; x_wconf 73' lang='lat' dir='ltr'><strong>incluso,</strong></span> <span class='ocrx_word' id='word_1_24' title='bbox 1427 813 1485 851; x_wconf 79' lang='lat' dir='ltr'><strong>aori</strong></span> 
     </span>
     <span class='ocr_line' id='line_1_4' title="bbox 420 878 1485 952; baseline -0.003 -16"><span class='ocrx_word' id='word_1_25' title='bbox 420 891 545 937; x_wconf 74' lang='lat' dir='ltr'><strong>estremo</strong></span> <span class='ocrx_word' id='word_1_26' title='bbox 569 884 630 937; x_wconf 88' lang='lat' dir='ltr'><strong>loco</strong></span> <span class='ocrx_word' id='word_1_27' title='bbox 653 882 779 949; x_wconf 84' lang='lat' dir='ltr'><strong>adiecto,</strong></span> <span class='ocrx_word' id='word_1_28' title='bbox 800 882 956 952; x_wconf 72' lang='lat' dir='ltr'><strong>infinitivus</strong></span> <span class='ocrx_word' id='word_1_29' title='bbox 976 883 1111 951; x_wconf 72' lang='lat' dir='ltr'><strong>poditio,-</strong></span> <span class='ocrx_word' id='word_1_30' title='bbox 1142 881 1192 935; x_wconf 84' lang='lat' dir='ltr'><strong>sed</strong></span> <span class='ocrx_word' id='word_1_31' title='bbox 1215 890 1305 936; x_wconf 81' lang='lat' dir='ltr'><strong>lamen</strong></span> <span class='ocrx_word' id='word_1_32' title='bbox 1329 878 1485 951; x_wconf 78' lang='lat' dir='ltr'><strong>corripere,</strong></span> 
     </span>
     <span class='ocr_line' id='line_1_5' title="bbox 419 963 1485 1036; baseline -0.003 -16"><span class='ocrx_word' id='word_1_33' title='bbox 419 974 451 1020; x_wconf 84' lang='lat' dir='ltr'><strong>ut</strong></span> <span class='ocrx_word' id='word_1_34' title='bbox 480 973 529 1021; x_wconf 83' lang='lat' dir='ltr'><strong>aut</strong></span> <span class='ocrx_word' id='word_1_35' title='bbox 556 967 608 1036; x_wconf 70' lang='lat' dir='ltr'><strong>(lat</strong></span> <span class='ocrx_word' id='word_1_36' title='bbox 635 970 916 1023; x_wconf 82' lang='lat' dir='ltr'><strong>caveretur..esset</strong></span> <span class='ocrx_word' id='word_1_37' title='bbox 944 972 994 1017; x_wconf 76' lang='lat' dir='ltr'><strong>orit</strong></span> <span class='ocrx_word' id='word_1_38' title='bbox 1025 970 1162 1018; x_wconf 84' lang='lat' dir='ltr'><strong>caveatur</strong></span> <span class='ocrx_word' id='word_1_39' title='bbox 1177 963 1267 1031; x_wconf 83' lang='lat' dir='ltr'><strong>..sit,</strong></span> <span class='ocrx_word' id='word_1_40' title='bbox 1305 963 1402 1019; x_wconf 73' lang='lat' dir='ltr'><strong>audac</strong></span> <span class='ocrx_word' id='word_1_41' title='bbox 1438 964 1485 1029; x_wconf 84' lang='lat' dir='ltr'><strong>sit,</strong></span> 
     </span>
     <span class='ocr_line' id='line_1_6' title="bbox 420 1043 1485 1120; baseline -0.005 -16"><span class='ocrx_word' id='word_1_42' title='bbox 420 1066 505 1120; x_wconf 71' lang='lat' dir='ltr'><strong>quarm</strong></span> <span class='ocrx_word' id='word_1_43' title='bbox 529 1050 686 1117; x_wconf 69' lang='lat' dir='ltr'><strong>praesertim</strong></span> <span class='ocrx_word' id='word_1_44' title='bbox 713 1063 770 1100; x_wconf 83' lang='lat' dir='ltr'><strong>nori</strong></span> <span class='ocrx_word' id='word_1_45' title='bbox 799 1047 883 1101; x_wconf 83' lang='lat' dir='ltr'><strong>vaide</strong></span> <span class='ocrx_word' id='word_1_46' title='bbox 906 1046 1048 1101; x_wconf 85' lang='lat' dir='ltr'><strong>dissimilis</strong></span> <span class='ocrx_word' id='word_1_47' title='bbox 1074 1049 1111 1102; x_wconf 86' lang='lat' dir='ltr'><strong>sit</strong></span> <span class='ocrx_word' id='word_1_48' title='bbox 1135 1047 1213 1101; x_wconf 83' lang='lat' dir='ltr'><strong>locus</strong></span> <span class='ocrx_word' id='word_1_49' title='bbox 1235 1048 1328 1114; x_wconf 85' lang='lat' dir='ltr'><em>XXX,</em></span> <span class='ocrx_word' id='word_1_50' title='bbox 1356 1044 1410 1113; x_wconf 68' lang='lat'><strong>42,</strong></span> <span class='ocrx_word' id='word_1_51' title='bbox 1443 1043 1485 1115; x_wconf 86' lang='lat'><strong>3.)</strong></span> 
     </span>
     <span class='ocr_line' id='line_1_7' title="bbox 419 1125 1486 1203; baseline -0.006 -15"><span class='ocrx_word' id='word_1_52' title='bbox 419 1125 555 1199; x_wconf 84' lang='lat' dir='ltr'><strong>XXVlll,</strong></span> <span class='ocrx_word' id='word_1_53' title='bbox 587 1132 603 1184; x_wconf 87' lang='lat'>8</span> <span class='ocrx_word' id='word_1_54' title='bbox 626 1130 663 1184; x_wconf 83' lang='lat' dir='ltr'><strong>ab</strong></span> <span class='ocrx_word' id='word_1_55' title='bbox 685 1137 766 1201; x_wconf 89' lang='lat' dir='ltr'><strong>tergo</strong></span> <span class='ocrx_word' id='word_1_56' title='bbox 789 1128 995 1202; x_wconf 78' lang='lat' dir='ltr'><strong>adgrederetur</strong></span> <span class='ocrx_word' id='word_1_57' title='bbox 1022 1130 1079 1203; x_wconf 73' lang='lat' dir='ltr'><strong>(Mi</strong></span> <span class='ocrx_word' id='word_1_58' title='bbox 1100 1126 1183 1202; x_wconf 85' lang='lat' dir='ltr'><strong>rece.)</strong></span> <span class='ocrx_word' id='word_1_59' title='bbox 1213 1131 1244 1184; x_wconf 96' lang='grc'><strong>11</strong></span> <span class='ocrx_word' id='word_1_60' title='bbox 1270 1127 1363 1184; x_wconf 89' lang='lat' dir='ltr'><strong>minus</strong></span> <span class='ocrx_word' id='word_1_61' title='bbox 1387 1125 1486 1201; x_wconf 88' lang='lat' dir='ltr'><strong>[infida</strong></span> 
     </span>
     <span class='ocr_line' id='line_1_8' title="bbox 420 1204 1482 1287; baseline -0.004 -18"><span class='ocrx_word' id='word_1_62' title='bbox 420 1211 463 1287; x_wconf 89' lang='lat' dir='ltr'><strong>ac]</strong></span> <span class='ocrx_word' id='word_1_63' title='bbox 495 1212 607 1287; x_wconf 88' lang='lat' dir='ltr'><strong>trepida</strong></span> <span class='ocrx_word' id='word_1_64' title='bbox 635 1212 670 1285; x_wconf 82' lang='lat' dir='ltr'><strong>(li</strong></span> <span class='ocrx_word' id='word_1_65' title='bbox 697 1228 766 1267; x_wconf 86' lang='lat' dir='ltr'><strong>rece.</strong></span> <span class='ocrx_word' id='word_1_66' title='bbox 800 1212 861 1267; x_wconf 90' lang='lat' dir='ltr'><strong>Vid.</strong></span> <span class='ocrx_word' id='word_1_67' title='bbox 892 1228 979 1282; x_wconf 84' lang='lat' dir='ltr'><strong>supra</strong></span> <span class='ocrx_word' id='word_1_68' title='bbox 1008 1228 1037 1282; x_wconf 84' lang='lat' dir='ltr'><strong>p.</strong></span> <span class='ocrx_word' id='word_1_69' title='bbox 1059 1212 1097 1284; x_wconf 93' lang='lat' dir='ltr'><strong>X)</strong></span> <span class='ocrx_word' id='word_1_70' title='bbox 1130 1214 1163 1266; x_wconf 85' lang='grc'><strong>12</strong></span> <span class='ocrx_word' id='word_1_71' title='bbox 1193 1211 1268 1267; x_wconf 91' lang='lat' dir='ltr'><strong>unde</strong></span> <span class='ocrx_word' id='word_1_72' title='bbox 1297 1228 1361 1266; x_wconf 91' lang='lat' dir='ltr'><strong>cum</strong></span> <span class='ocrx_word' id='word_1_73' title='bbox 1390 1206 1448 1286; x_wconf 97' lang='lat' dir='ltr'><em>(M)</em></span> <span class='ocrx_word' id='word_1_74' title='bbox 1479 1204 1482 1285; x_wconf 89' lang='grc'>(</span> 
     </span>
    </p>
   </div>
   <div class='ocr_carea' id='block_1_3' title="bbox 417 1289 1488 4436">
    <p class='ocr_par' dir='ltr' id='par_1_3' title="bbox 417 1289 1488 4436">
     <span class='ocr_line' id='line_1_9' title="bbox 420 1289 1486 1368; baseline -0.002 -17"><span class='ocrx_word' id='word_1_75' title='bbox 420 1295 510 1351; x_wconf 90' lang='lat' dir='ltr'><strong>movit</strong></span> <span class='ocrx_word' id='word_1_76' title='bbox 532 1304 628 1351; x_wconf 88' lang='lat' dir='ltr'><strong>castra</strong></span> <span class='ocrx_word' id='word_1_77' title='bbox 649 1296 693 1363; x_wconf 84' lang='lat'><em>(8)</em></span> <span class='ocrx_word' id='word_1_78' title='bbox 718 1289 723 1367; x_wconf 82' lang='lat' dir='ltr'><strong>l</strong></span> <span class='ocrx_word' id='word_1_79' title='bbox 747 1289 859 1360; x_wconf 82' lang='grc' dir='ltr'>ΧΧΙΧ,</span> <span class='ocrx_word' id='word_1_80' title='bbox 894 1299 901 1348; x_wconf 93' lang='grc'>1</span> <span class='ocrx_word' id='word_1_81' title='bbox 932 1293 1043 1349; x_wconf 83' lang='lat' dir='ltr'><strong>Eodem</strong></span> <span class='ocrx_word' id='word_1_82' title='bbox 1068 1302 1198 1368; x_wconf 89' lang='lat' dir='ltr'><strong>tempore</strong></span> <span class='ocrx_word' id='word_1_83' title='bbox 1225 1295 1274 1364; x_wconf 90' lang='lat' dir='ltr'><strong>(M)</strong></span> <span class='ocrx_word' id='word_1_84' title='bbox 1305 1297 1319 1349; x_wconf 90' lang='lat'><strong>7</strong></span> <span class='ocrx_word' id='word_1_85' title='bbox 1345 1301 1486 1350; x_wconf 87' lang='lat' dir='ltr'><strong>conantur</strong></span> 
     </span>
     <span class='ocr_line' id='line_1_10' title="bbox 420 1371 1483 1450; baseline -0.002 -17"><span class='ocrx_word' id='word_1_86' title='bbox 420 1379 469 1450; x_wconf 88' lang='lat' dir='ltr'><strong>(M)</strong></span> <span class='ocrx_word' id='word_1_87' title='bbox 491 1374 588 1447; x_wconf 79' lang='lat' dir='ltr'><strong>XXX,</strong></span> <span class='ocrx_word' id='word_1_88' title='bbox 622 1379 638 1433; x_wconf 86' lang='lat'>2</span> <span class='ocrx_word' id='word_1_89' title='bbox 664 1375 773 1432; x_wconf 89' lang='lat' dir='ltr'><strong>audivit</strong></span> <span class='ocrx_word' id='word_1_90' title='bbox 798 1393 875 1444; x_wconf 77' lang='lat' dir='ltr'><strong>esse,</strong></span> <span class='ocrx_word' id='word_1_91' title='bbox 908 1394 971 1432; x_wconf 86' lang='lat' dir='ltr'><strong>cum</strong></span> <span class='ocrx_word' id='word_1_92' title='bbox 1003 1377 1040 1432; x_wconf 87' lang='lat' dir='ltr'><strong>ab</strong></span> <span class='ocrx_word' id='word_1_93' title='bbox 1071 1384 1147 1432; x_wconf 91' lang='lat' dir='ltr'><strong>terra</strong></span> <span class='ocrx_word' id='word_1_94' title='bbox 1179 1376 1311 1432; x_wconf 87' lang='lat' dir='ltr'><strong>omnibus</strong></span> <span class='ocrx_word' id='word_1_95' title='bbox 1342 1375 1420 1433; x_wconf 85' lang='lat' dir='ltr'><strong>circa</strong></span> <span class='ocrx_word' id='word_1_96' title='bbox 1443 1371 1483 1399; x_wconf 82' lang='lat'><strong>**</strong></span> 
     </span>
     <span class='ocr_line' id='line_1_11' title="bbox 418 1457 1483 1535; baseline -0.001 -18"><span class='ocrx_word' id='word_1_97' title='bbox 418 1461 549 1518; x_wconf 76' lang='lat' dir='ltr'>hostibus</span> <span class='ocrx_word' id='word_1_98' title='bbox 562 1460 632 1516; x_wconf 85' lang='lat' dir='ltr'>nihil</span> <span class='ocrx_word' id='word_1_99' title='bbox 650 1457 751 1535; x_wconf 85' lang='lat' dir='ltr'><strong>(Drulr.</strong></span> <span class='ocrx_word' id='word_1_100' title='bbox 761 1481 771 1529; x_wconf 89' lang='lat'><em>;</em></span> <span class='ocrx_word' id='word_1_101' title='bbox 791 1462 848 1515; x_wconf 83' lang='lat' dir='ltr'><strong>Em.</strong></span> <span class='ocrx_word' id='word_1_102' title='bbox 862 1460 921 1513; x_wconf 71' lang='lat'><strong>402</strong></span> <span class='ocrx_word' id='word_1_103' title='bbox 936 1457 976 1534; x_wconf 83' lang='lat' dir='ltr'><strong>o.)</strong></span> <span class='ocrx_word' id='word_1_104' title='bbox 1001 1463 1016 1515; x_wconf 97' lang='lat'><strong>7</strong></span> <span class='ocrx_word' id='word_1_105' title='bbox 1031 1458 1151 1517; x_wconf 84' lang='lat' dir='ltr'><strong>Sosilao</strong></span> <span class='ocrx_word' id='word_1_106' title='bbox 1168 1459 1243 1530; x_wconf 85' lang='lat' dir='ltr'><strong>(edd.</strong></span> <span class='ocrx_word' id='word_1_107' title='bbox 1262 1468 1328 1517; x_wconf 81' lang='lat' dir='ltr'><strong>aeti.</strong></span> <span class='ocrx_word' id='word_1_108' title='bbox 1374 1461 1395 1515; x_wconf 85' lang='lat' dir='ltr'><em>B</em></span> <span class='ocrx_word' id='word_1_109' title='bbox 1416 1477 1483 1516; x_wconf 84' lang='lat' dir='ltr'><strong>rece.</strong></span> 
     </span>
     <span class='ocr_line' id='line_1_12' title="bbox 420 1539 1484 1617; baseline -0.005 -14"><span class='ocrx_word' id='word_1_110' title='bbox 420 1543 538 1617; x_wconf 88' lang='lat' dir='ltr'><strong>Sosilia)</strong></span> <span class='ocrx_word' id='word_1_111' title='bbox 552 1539 657 1611; x_wconf 87' lang='grc' dir='ltr'>ΧΧΧΙ,</span> <span class='ocrx_word' id='word_1_112' title='bbox 677 1545 687 1597; x_wconf 98' lang='grc'>1</span> <span class='ocrx_word' id='word_1_113' title='bbox 704 1551 735 1598; x_wconf 90' lang='lat' dir='ltr'><strong>ut</strong></span> <span class='ocrx_word' id='word_1_114' title='bbox 747 1546 808 1598; x_wconf 80' lang='lat' dir='ltr'><strong>sirie</strong></span> <span class='ocrx_word' id='word_1_115' title='bbox 821 1546 901 1599; x_wconf 83' lang='lat' dir='ltr'><strong>uncis</strong></span> <span class='ocrx_word' id='word_1_116' title='bbox 923 1542 1026 1611; x_wconf 81' lang='lat' dir='ltr'><em>(Dal.)</em></span> <span class='ocrx_word' id='word_1_117' title='bbox 1051 1544 1067 1597; x_wconf 84' lang='lat'>2</span> <span class='ocrx_word' id='word_1_118' title='bbox 1087 1560 1198 1615; x_wconf 86' lang='lat' dir='ltr'><strong>nequeo</strong></span> <span class='ocrx_word' id='word_1_119' title='bbox 1218 1540 1272 1617; x_wconf 88' lang='lat' dir='ltr'><strong>(ed.</strong></span> <span class='ocrx_word' id='word_1_120' title='bbox 1287 1541 1372 1601; x_wconf 83' lang='lat' dir='ltr'><strong>Frob.</strong></span> <span class='ocrx_word' id='word_1_121' title='bbox 1392 1541 1484 1615; x_wconf 75' lang='lat'><em>1535)</em></span> 
     </span>
     <span class='ocr_line' id='line_1_13' title="bbox 421 1624 1485 1699; baseline -0.002 -17"><span class='ocrx_word' id='word_1_122' title='bbox 421 1631 437 1682; x_wconf 85' lang='lat'>5</span> <span class='ocrx_word' id='word_1_123' title='bbox 461 1645 526 1683; x_wconf 89' lang='lat' dir='ltr'><strong>eum</strong></span> <span class='ocrx_word' id='word_1_124' title='bbox 548 1644 610 1683; x_wconf 89' lang='lat' dir='ltr'><strong>esse</strong></span> <span class='ocrx_word' id='word_1_125' title='bbox 642 1625 778 1699; x_wconf 71' lang='lat' dir='ltr'><strong>(siesbye,</strong></span> <span class='ocrx_word' id='word_1_126' title='bbox 839 1629 883 1681; x_wconf 77' lang='lat' dir='ltr'><strong>Er:</strong></span> <span class='ocrx_word' id='word_1_127' title='bbox 906 1628 934 1681; x_wconf 92' lang='lat' dir='ltr'><em>M</em></span> <span class='ocrx_word' id='word_1_128' title='bbox 952 1624 1142 1699; x_wconf 82' lang='lat' dir='ltr'><strong>respexissem</strong></span> <span class='ocrx_word' id='word_1_129' title='bbox 1167 1627 1245 1697; x_wconf 71' lang='lat' dir='ltr'><strong>effici</strong></span> <span class='ocrx_word' id='word_1_130' title='bbox 1266 1628 1350 1681; x_wconf 84' lang='lat' dir='ltr'><strong>etium</strong></span> <span class='ocrx_word' id='word_1_131' title='bbox 1369 1634 1485 1697; x_wconf 85' lang='lat' dir='ltr'><strong>poterut</strong></span> 
     </span>
     <span class='ocr_line' id='line_1_14' title="bbox 418 1704 1483 1785; baseline -0.003 -18"><span class='ocrx_word' id='word_1_132' title='bbox 418 1709 542 1784; x_wconf 76' lang='lat' dir='ltr'><strong>respexi,</strong></span> <span class='ocrx_word' id='word_1_133' title='bbox 555 1708 690 1780; x_wconf 90' lang='lat' dir='ltr'><strong>meeum)</strong></span> <span class='ocrx_word' id='word_1_134' title='bbox 715 1711 798 1783; x_wconf 82' lang='lat' dir='ltr'><strong>bego</strong></span> <span class='ocrx_word' id='word_1_135' title='bbox 810 1707 920 1764; x_wconf 86' lang='lat' dir='ltr'><strong>violavi</strong></span> <span class='ocrx_word' id='word_1_136' title='bbox 939 1704 991 1782; x_wconf 92' lang='lat' dir='ltr'><em>(M)</em></span> <span class='ocrx_word' id='word_1_137' title='bbox 1009 1712 1023 1763; x_wconf 88' lang='grc'>7</span> <span class='ocrx_word' id='word_1_138' title='bbox 1040 1716 1067 1763; x_wconf 89' lang='lat' dir='ltr'><strong>et</strong></span> <span class='ocrx_word' id='word_1_139' title='bbox 1080 1707 1177 1782; x_wconf 89' lang='lat' dir='ltr'><strong>accepi</strong></span> <span class='ocrx_word' id='word_1_140' title='bbox 1189 1709 1300 1777; x_wconf 68' lang='lat' dir='ltr'><strong>urbem,</strong></span> <span class='ocrx_word' id='word_1_141' title='bbox 1315 1726 1380 1765; x_wconf 88' lang='lat' dir='ltr'><strong>eum</strong></span> <span class='ocrx_word' id='word_1_142' title='bbox 1397 1705 1452 1785; x_wconf 91' lang='lat' dir='ltr'><em>(M)</em></span> <span class='ocrx_word' id='word_1_143' title='bbox 1467 1710 1483 1764; x_wconf 85' lang='lat'>8</span> 
     </span>
     <span class='ocr_line' id='line_1_15' title="bbox 419 1788 1486 1868; baseline -0.004 -18"><span class='ocrx_word' id='word_1_144' title='bbox 419 1812 483 1850; x_wconf 89' lang='lat' dir='ltr'><strong>cum</strong></span> <span class='ocrx_word' id='word_1_145' title='bbox 506 1793 606 1866; x_wconf 86' lang='lat' dir='ltr'><strong>Argos</strong></span> <span class='ocrx_word' id='word_1_146' title='bbox 630 1789 685 1866; x_wconf 94' lang='lat' dir='ltr'><em>(M)</em></span> <span class='ocrx_word' id='word_1_147' title='bbox 712 1793 746 1847; x_wconf 90' lang='grc'><strong>12</strong></span> <span class='ocrx_word' id='word_1_148' title='bbox 766 1810 831 1848; x_wconf 91' lang='lat' dir='ltr'><strong>eum</strong></span> <span class='ocrx_word' id='word_1_149' title='bbox 854 1809 917 1847; x_wconf 87' lang='lat' dir='ltr'><strong>esse</strong></span> <span class='ocrx_word' id='word_1_150' title='bbox 940 1788 992 1868; x_wconf 94' lang='lat' dir='ltr'><strong>(M)</strong></span> <span class='ocrx_word' id='word_1_151' title='bbox 1019 1795 1053 1847; x_wconf 81' lang='lat' dir='ltr'><strong>ll</strong></span> <span class='ocrx_word' id='word_1_152' title='bbox 1076 1790 1232 1847; x_wconf 88' lang='lat' dir='ltr'><strong>liberandis</strong></span> <span class='ocrx_word' id='word_1_153' title='bbox 1255 1792 1304 1864; x_wconf 91' lang='lat' dir='ltr'><strong>(M)</strong></span> <span class='ocrx_word' id='word_1_154' title='bbox 1331 1792 1366 1847; x_wconf 88' lang='grc'><strong>19</strong></span> <span class='ocrx_word' id='word_1_155' title='bbox 1391 1809 1437 1846; x_wconf 89' lang='lat' dir='ltr'><strong>me</strong></span> <span class='ocrx_word' id='word_1_156' title='bbox 1457 1798 1486 1847; x_wconf 87' lang='lat' dir='ltr'><strong>et</strong></span> 
     </span>
     <span class='ocr_line' id='line_1_16' title="bbox 418 1870 1484 1953; baseline -0.004 -20"><span class='ocrx_word' id='word_1_157' title='bbox 418 1876 481 1953; x_wconf 90' lang='lat' dir='ltr'><strong>ipse</strong></span> <span class='ocrx_word' id='word_1_158' title='bbox 509 1875 554 1946; x_wconf 93' lang='grc' dir='ltr'><strong>(Μ.</strong></span> <span class='ocrx_word' id='word_1_159' title='bbox 583 1877 605 1931; x_wconf 84' lang='grc' dir='ltr'><em>Β</em></span> <span class='ocrx_word' id='word_1_160' title='bbox 631 1892 704 1931; x_wconf 86' lang='lat' dir='ltr'><strong>rece.</strong></span> <span class='ocrx_word' id='word_1_161' title='bbox 730 1883 789 1930; x_wconf 83' lang='lat' dir='ltr'><strong>met</strong></span> <span class='ocrx_word' id='word_1_162' title='bbox 815 1871 890 1949; x_wconf 88' lang='lat' dir='ltr'><strong>ipse)</strong></span> <span class='ocrx_word' id='word_1_163' title='bbox 924 1870 928 1949; x_wconf 87' lang='lat'><em>)</em></span> <span class='ocrx_word' id='word_1_164' title='bbox 954 1893 1007 1948; x_wconf 90' lang='lat' dir='ltr'><strong>pro</strong></span> <span class='ocrx_word' id='word_1_165' title='bbox 1036 1873 1130 1949; x_wconf 88' lang='lat' dir='ltr'><strong>patrio</strong></span> <span class='ocrx_word' id='word_1_166' title='bbox 1158 1892 1290 1931; x_wconf 81' lang='lat' dir='ltr'><strong>sermone</strong></span> <span class='ocrx_word' id='word_1_167' title='bbox 1316 1872 1484 1949; x_wconf 86' lang='lat' dir='ltr'><strong>[brevitatis]</strong></span> 
     </span>
     <span class='ocr_line' id='line_1_17' title="bbox 420 1953 1483 2037; baseline -0.003 -22"><span class='ocrx_word' id='word_1_168' title='bbox 420 1959 486 2037; x_wconf 66' lang='lat' dir='ltr'><em>(My.</em></span> <span class='ocrx_word' id='word_1_169' title='bbox 521 1961 580 2015; x_wconf 82' lang='lat' dir='ltr'><strong>Em.</strong></span> <span class='ocrx_word' id='word_1_170' title='bbox 615 1959 688 2028; x_wconf 74' lang='lat'><strong>402)</strong></span> <span class='ocrx_word' id='word_1_171' title='bbox 721 1953 849 2024; x_wconf 72' lang='lat' dir='ltr'><strong>XXXll,</strong></span> <span class='ocrx_word' id='word_1_172' title='bbox 885 1959 901 2013; x_wconf 89' lang='lat'><strong>3</strong></span> <span class='ocrx_word' id='word_1_173' title='bbox 936 1966 964 2011; x_wconf 90' lang='lat' dir='ltr'><strong>et</strong></span> <span class='ocrx_word' id='word_1_174' title='bbox 996 1965 1119 2032; x_wconf 80' lang='lat' dir='ltr'><strong>tyranno</strong></span> <span class='ocrx_word' id='word_1_175' title='bbox 1153 1976 1238 2030; x_wconf 87' lang='lat' dir='ltr'><strong>quarn</strong></span> <span class='ocrx_word' id='word_1_176' title='bbox 1274 1957 1322 2030; x_wconf 89' lang='lat' dir='ltr'><strong>qui</strong></span> <span class='ocrx_word' id='word_1_177' title='bbox 1356 1974 1483 2031; x_wconf 89' lang='lat' dir='ltr'><strong>unquam</strong></span> 
     </span>
     <span class='ocr_line' id='line_1_18' title="bbox 419 2038 1484 2118; baseline -0.001 -20"><span class='ocrx_word' id='word_1_178' title='bbox 419 2040 487 2118; x_wconf 64' lang='grc' dir='ltr'>(Μ),</span> <span class='ocrx_word' id='word_1_179' title='bbox 516 2044 575 2098; x_wconf 85' lang='lat' dir='ltr'><strong>Em.</strong></span> <span class='ocrx_word' id='word_1_180' title='bbox 605 2041 678 2113; x_wconf 77' lang='lat'><strong>403)</strong></span> <span class='ocrx_word' id='word_1_181' title='bbox 720 2044 734 2096; x_wconf 93' lang='lat'><strong>7</strong></span> <span class='ocrx_word' id='word_1_182' title='bbox 766 2039 848 2115; x_wconf 90' lang='lat' dir='ltr'><strong>(nihil</strong></span> <span class='ocrx_word' id='word_1_183' title='bbox 878 2058 941 2096; x_wconf 89' lang='lat' dir='ltr'><strong>esse</strong></span> <span class='ocrx_word' id='word_1_184' title='bbox 974 2042 1014 2096; x_wconf 92' lang='lat' dir='ltr'><strong>ed.</strong></span> <span class='ocrx_word' id='word_1_185' title='bbox 1047 2042 1159 2097; x_wconf 76' lang='lat' dir='ltr'><strong>Asseris.</strong></span> <span class='ocrx_word' id='word_1_186' title='bbox 1194 2057 1248 2112; x_wconf 79' lang='lat' dir='ltr'><strong>pro</strong></span> <span class='ocrx_word' id='word_1_187' title='bbox 1277 2039 1349 2096; x_wconf 92' lang='lat' dir='ltr'><strong>nihil</strong></span> <span class='ocrx_word' id='word_1_188' title='bbox 1377 2039 1415 2094; x_wconf 88' lang='lat' dir='ltr'><strong>sit</strong></span> <span class='ocrx_word' id='word_1_189' title='bbox 1452 2038 1484 2116; x_wconf 77' lang='lat' dir='ltr'><strong>(u</strong></span> 
     </span>
     <span class='ocr_line' id='line_1_19' title="bbox 419 2123 1485 2199; baseline -0.002 -18"><span class='ocrx_word' id='word_1_190' title='bbox 419 2125 491 2181; x_wconf 88' lang='lat' dir='ltr'><strong>nihil</strong></span> <span class='ocrx_word' id='word_1_191' title='bbox 517 2123 541 2179; x_wconf 87' lang='lat' dir='ltr'><strong>si</strong></span> <span class='ocrx_word' id='word_1_192' title='bbox 569 2123 617 2199; x_wconf 89' lang='lat' dir='ltr'><strong>in).</strong></span> <span class='ocrx_word' id='word_1_193' title='bbox 662 2124 717 2179; x_wconf 87' lang='lat' dir='ltr'><strong>Sed</strong></span> <span class='ocrx_word' id='word_1_194' title='bbox 744 2123 830 2179; x_wconf 79' lang='lat' dir='ltr'><strong>scribi</strong></span> <span class='ocrx_word' id='word_1_195' title='bbox 852 2124 949 2179; x_wconf 82' lang='lat' dir='ltr'><strong>debuit</strong></span> <span class='ocrx_word' id='word_1_196' title='bbox 970 2141 1031 2180; x_wconf 82' lang='lat' dir='ltr'><strong>com</strong></span> <span class='ocrx_word' id='word_1_197' title='bbox 1054 2126 1169 2179; x_wconf 71' lang='lat' dir='ltr'><strong>Hermio</strong></span> <span class='ocrx_word' id='word_1_198' title='bbox 1191 2123 1261 2179; x_wconf 94' lang='lat' dir='ltr'><strong>nihil</strong></span> <span class='ocrx_word' id='word_1_199' title='bbox 1283 2131 1335 2189; x_wconf 80' lang='lat' dir='ltr'><strong>est,</strong></span> <span class='ocrx_word' id='word_1_200' title='bbox 1358 2126 1386 2177; x_wconf 82' lang='lat' dir='ltr'><strong>iu</strong></span> <span class='ocrx_word' id='word_1_201' title='bbox 1409 2123 1485 2195; x_wconf 84' lang='lat' dir='ltr'><strong>quod</strong></span> 
     </span>
     <span class='ocr_line' id='line_1_20' title="bbox 418 2204 1485 2281; baseline -0.004 -17"><span class='ocrx_word' id='word_1_202' title='bbox 418 2208 667 2281; x_wconf 81' lang='lat' dir='ltr'><strong>ipseincidercm.)</strong></span> <span class='ocrx_word' id='word_1_203' title='bbox 695 2208 729 2262; x_wconf 82' lang='grc'><strong>12</strong></span> <span class='ocrx_word' id='word_1_204' title='bbox 752 2205 890 2281; x_wconf 89' lang='lat' dir='ltr'><strong>produci;</strong></span> <span class='ocrx_word' id='word_1_205' title='bbox 913 2205 1152 2267; x_wconf 81' lang='lat' dir='ltr'><strong>miseri..sciant.</strong></span> <span class='ocrx_word' id='word_1_206' title='bbox 1177 2204 1283 2279; x_wconf 82' lang='lat' dir='ltr'><strong>(nescio</strong></span> <span class='ocrx_word' id='word_1_207' title='bbox 1307 2208 1370 2279; x_wconf 86' lang='lat' dir='ltr'><strong>quis</strong></span> <span class='ocrx_word' id='word_1_208' title='bbox 1392 2206 1485 2262; x_wconf 85' lang='lat' dir='ltr'><strong>editor</strong></span> 
     </span>
     <span class='ocr_line' id='line_1_21' title="bbox 419 2285 1485 2365; baseline -0.003 -18"><span class='ocrx_word' id='word_1_209' title='bbox 419 2291 511 2364; x_wconf 82' lang='lat' dir='ltr'><strong>aetus)</strong></span> <span class='ocrx_word' id='word_1_210' title='bbox 538 2292 574 2347; x_wconf 88' lang='grc'><strong>18</strong></span> <span class='ocrx_word' id='word_1_211' title='bbox 596 2288 745 2365; x_wconf 84' lang='lat' dir='ltr'><strong>pepigisti;</strong></span> <span class='ocrx_word' id='word_1_212' title='bbox 768 2297 796 2345; x_wconf 92' lang='lat' dir='ltr'><strong>et</strong></span> <span class='ocrx_word' id='word_1_213' title='bbox 817 2289 923 2346; x_wconf 90' lang='lat' dir='ltr'><strong>bellum</strong></span> <span class='ocrx_word' id='word_1_214' title='bbox 946 2285 1073 2365; x_wconf 87' lang='lat' dir='ltr'><strong>(Dulrer)</strong></span> <span class='ocrx_word' id='word_1_215' title='bbox 1096 2285 1234 2359; x_wconf 88' lang='lat' dir='ltr'><strong>XXXlll‚</strong></span> <span class='ocrx_word' id='word_1_216' title='bbox 1261 2290 1278 2345; x_wconf 87' lang='lat'>9</span> <span class='ocrx_word' id='word_1_217' title='bbox 1301 2289 1365 2346; x_wconf 85' lang='lat' dir='ltr'><strong>fore</strong></span> <span class='ocrx_word' id='word_1_218' title='bbox 1387 2298 1416 2344; x_wconf 88' lang='lat' dir='ltr'><strong>et</strong></span> <span class='ocrx_word' id='word_1_219' title='bbox 1436 2286 1485 2320; x_wconf 69' lang='lat'><strong>²¹³*</strong></span> 
     </span>
     <span class='ocr_line' id='line_1_22' title="bbox 419 2371 1485 2447; baseline -0.003 -16"><span class='ocrx_word' id='word_1_220' title='bbox 419 2373 581 2431; x_wconf 87' lang='lat' dir='ltr'><strong>diuturnam</strong></span> <span class='ocrx_word' id='word_1_221' title='bbox 615 2375 654 2445; x_wconf 92' lang='lat' dir='ltr'><em>(M</em></span> <span class='ocrx_word' id='word_1_222' title='bbox 661 2376 686 2447; x_wconf 75' lang='lat'><strong>7)</strong></span> <span class='ocrx_word' id='word_1_223' title='bbox 727 2376 761 2428; x_wconf 87' lang='grc'><strong>14</strong></span> <span class='ocrx_word' id='word_1_224' title='bbox 789 2371 926 2428; x_wconf 87' lang='lat' dir='ltr'><strong>inchoata</strong></span> <span class='ocrx_word' id='word_1_225' title='bbox 960 2374 1017 2440; x_wconf 75' lang='lat' dir='ltr'><strong>(Me</strong></span> <span class='ocrx_word' id='word_1_226' title='bbox 1050 2391 1119 2430; x_wconf 86' lang='lat' dir='ltr'><strong>rece.</strong></span> <span class='ocrx_word' id='word_1_227' title='bbox 1152 2375 1185 2430; x_wconf 83' lang='lat' dir='ltr'><strong>Io</strong></span> <span class='ocrx_word' id='word_1_228' title='bbox 1219 2374 1310 2428; x_wconf 82' lang='lat' dir='ltr'><strong>alteru</strong></span> <span class='ocrx_word' id='word_1_229' title='bbox 1342 2375 1485 2444; x_wconf 82' lang='lat' dir='ltr'><strong>scriptura</strong></span> 
     </span>
     <span class='ocr_line' id='line_1_23' title="bbox 420 2451 1485 2532; baseline -0.002 -18"><span class='ocrx_word' id='word_1_230' title='bbox 420 2460 521 2515; x_wconf 79' lang='lat' dir='ltr'><strong>vitiose</strong></span> <span class='ocrx_word' id='word_1_231' title='bbox 543 2458 670 2514; x_wconf 80' lang='lat' dir='ltr'><strong>abundat</strong></span> <span class='ocrx_word' id='word_1_232' title='bbox 690 2452 780 2530; x_wconf 87' lang='lat' dir='ltr'><strong>belli.)</strong></span> <span class='ocrx_word' id='word_1_233' title='bbox 810 2451 946 2524; x_wconf 77' lang='lat' dir='ltr'><strong>XXXlll‚</strong></span> <span class='ocrx_word' id='word_1_234' title='bbox 987 2456 1004 2511; x_wconf 88' lang='grc'>2</span> <span class='ocrx_word' id='word_1_235' title='bbox 1028 2455 1121 2516; x_wconf 88' lang='lat' dir='ltr'><strong>obsid.</strong></span> <span class='ocrx_word' id='word_1_236' title='bbox 1146 2456 1268 2525; x_wconf 84' lang='lat' dir='ltr'><strong>Laced,</strong></span> <span class='ocrx_word' id='word_1_237' title='bbox 1297 2455 1414 2532; x_wconf 85' lang='lat' dir='ltr'><strong>quando</strong></span> <span class='ocrx_word' id='word_1_238' title='bbox 1445 2454 1485 2512; x_wconf 89' lang='lat' dir='ltr'><strong>ita</strong></span> 
     </span>
     <span class='ocr_line' id='line_1_24' title="bbox 419 2537 1483 2616; baseline -0.002 -20"><span class='ocrx_word' id='word_1_239' title='bbox 419 2540 526 2616; x_wconf 83' lang='lat' dir='ltr'><strong>placet:</strong></span> <span class='ocrx_word' id='word_1_240' title='bbox 555 2541 605 2612; x_wconf 92' lang='lat' dir='ltr'><em>(M)</em></span> <span class='ocrx_word' id='word_1_241' title='bbox 637 2539 715 2614; x_wconf 89' lang='lat' dir='ltr'><strong>[illud</strong></span> <span class='ocrx_word' id='word_1_242' title='bbox 738 2539 824 2595; x_wconf 91' lang='lat' dir='ltr'><strong>modo</strong></span> <span class='ocrx_word' id='word_1_243' title='bbox 846 2558 883 2595; x_wconf 89' lang='lat' dir='ltr'><strong>ne</strong></span> <span class='ocrx_word' id='word_1_244' title='bbox 904 2537 996 2614; x_wconf 86' lang='lat' dir='ltr'><strong>fallat)</strong></span> <span class='ocrx_word' id='word_1_245' title='bbox 1032 2548 1156 2596; x_wconf 89' lang='lat' dir='ltr'><strong>ceterum</strong></span> <span class='ocrx_word' id='word_1_246' title='bbox 1190 2539 1254 2611; x_wconf 63' lang='grc' dir='ltr'>(Μ).</span> <span class='ocrx_word' id='word_1_247' title='bbox 1279 2558 1293 2594; x_wconf 87' lang='lat' dir='ltr'><strong>e</strong></span> <span class='ocrx_word' id='word_1_248' title='bbox 1317 2542 1364 2609; x_wconf 86' lang='grc' dir='ltr'><strong>Μ,·</strong></span> <span class='ocrx_word' id='word_1_249' title='bbox 1397 2543 1483 2595; x_wconf 85' lang='lat' dir='ltr'><strong>ceteri</strong></span> 
     </span>
     <span class='ocr_line' id='line_1_25' title="bbox 419 2622 1483 2697; baseline -0.002 -17"><span class='ocrx_word' id='word_1_250' title='bbox 419 2632 555 2697; x_wconf 78' lang='lat' dir='ltr'><strong>quartuor</strong></span> <span class='ocrx_word' id='word_1_251' title='bbox 583 2624 636 2679; x_wconf 86' lang='lat' dir='ltr'><strong>iilo</strong></span> <span class='ocrx_word' id='word_1_252' title='bbox 664 2622 751 2677; x_wconf 82' lang='lat' dir='ltr'><strong>cerba</strong></span> <span class='ocrx_word' id='word_1_253' title='bbox 779 2625 917 2680; x_wconf 80' lang='lat' dir='ltr'><strong>omilium.</strong></span> <span class='ocrx_word' id='word_1_254' title='bbox 961 2624 1048 2678; x_wconf 88' lang='lat' dir='ltr'><strong>Miror</strong></span> <span class='ocrx_word' id='word_1_255' title='bbox 1070 2633 1178 2691; x_wconf 82' lang='lat' dir='ltr'><strong>tamen,</strong></span> <span class='ocrx_word' id='word_1_256' title='bbox 1207 2623 1282 2678; x_wconf 80' lang='lat' dir='ltr'><strong>uude</strong></span> <span class='ocrx_word' id='word_1_257' title='bbox 1304 2631 1430 2679; x_wconf 89' lang='lat' dir='ltr'><strong>ceterum</strong></span> <span class='ocrx_word' id='word_1_258' title='bbox 1455 2626 1483 2678; x_wconf 83' lang='lat' dir='ltr'><strong>in</strong></span> 
     </span>
     <span class='ocr_line' id='line_1_26' title="bbox 418 2703 1484 2779; baseline 0 -17"><span class='ocrx_word' id='word_1_259' title='bbox 418 2710 480 2779; x_wconf 77' lang='lat' dir='ltr'><strong>ipso</strong></span> <span class='ocrx_word' id='word_1_260' title='bbox 502 2709 532 2761; x_wconf 90' lang='lat' dir='ltr'><em>M</em></span> <span class='ocrx_word' id='word_1_261' title='bbox 550 2703 607 2775; x_wconf 52' lang='grc' dir='ltr'><strong>εἰη</strong></span> <span class='ocrx_word' id='word_1_262' title='bbox 635 2724 699 2761; x_wconf 83' lang='lat' dir='ltr'><strong>mam</strong></span> <span class='ocrx_word' id='word_1_263' title='bbox 727 2708 756 2759; x_wconf 84' lang='lat' dir='ltr'><strong>in</strong></span> <span class='ocrx_word' id='word_1_264' title='bbox 784 2707 903 2778; x_wconf 81' lang='lat' dir='ltr'><strong>reliquis</strong></span> <span class='ocrx_word' id='word_1_265' title='bbox 923 2710 1031 2777; x_wconf 71' lang='lat' dir='ltr'><strong>poterit,</strong></span> <span class='ocrx_word' id='word_1_266' title='bbox 1059 2707 1117 2762; x_wconf 85' lang='lat' dir='ltr'><strong>illis</strong></span> <span class='ocrx_word' id='word_1_267' title='bbox 1144 2705 1237 2762; x_wconf 83' lang='lat' dir='ltr'><strong>serbis</strong></span> <span class='ocrx_word' id='word_1_268' title='bbox 1258 2709 1383 2774; x_wconf 77' lang='lat' dir='ltr'><strong>omissis,</strong></span> <span class='ocrx_word' id='word_1_269' title='bbox 1416 2707 1484 2762; x_wconf 81' lang='lat' dir='ltr'><strong>addi</strong></span> 
     </span>
     <span class='ocr_line' id='line_1_27' title="bbox 419 2788 1483 2864; baseline -0.001 -18"><span class='ocrx_word' id='word_1_270' title='bbox 419 2791 625 2846; x_wconf 80' lang='lat' dir='ltr'><strong>adorationem</strong></span> <span class='ocrx_word' id='word_1_271' title='bbox 641 2789 837 2859; x_wconf 81' lang='lat' dir='ltr'><strong>vinciendum.)</strong></span> <span class='ocrx_word' id='word_1_272' title='bbox 865 2792 879 2842; x_wconf 82' lang='lat'>5</span> <span class='ocrx_word' id='word_1_273' title='bbox 905 2807 1008 2845; x_wconf 91' lang='lat' dir='ltr'><strong>censeo</strong></span> <span class='ocrx_word' id='word_1_274' title='bbox 1030 2799 1058 2845; x_wconf 84' lang='lat' dir='ltr'><strong>ct</strong></span> <span class='ocrx_word' id='word_1_275' title='bbox 1081 2788 1287 2864; x_wconf 83' lang='lat' dir='ltr'><strong>explorandum</strong></span> <span class='ocrx_word' id='word_1_276' title='bbox 1312 2788 1381 2861; x_wconf 73' lang='lat' dir='ltr'><em>(Mt)</em></span> <span class='ocrx_word' id='word_1_277' title='bbox 1407 2793 1420 2845; x_wconf 94' lang='lat'><strong>7</strong></span> <span class='ocrx_word' id='word_1_278' title='bbox 1446 2788 1483 2853; x_wconf 87' lang='lat' dir='ltr'><strong>ad</strong></span> 
     </span>
     <span class='ocr_line' id='line_1_28' title="bbox 419 2870 1483 2946; baseline 0.001 -18"><span class='ocrx_word' id='word_1_279' title='bbox 419 2871 598 2946; x_wconf 87' lang='lat' dir='ltr'><strong>respicienda</strong></span> <span class='ocrx_word' id='word_1_280' title='bbox 617 2871 719 2944; x_wconf 92' lang='lat' dir='ltr'><strong>cuique</strong></span> <span class='ocrx_word' id='word_1_281' title='bbox 736 2870 894 2928; x_wconf 86' lang='lat' dir='ltr'><strong>domestica</strong></span> <span class='ocrx_word' id='word_1_282' title='bbox 914 2872 989 2944; x_wconf 84' lang='lat' dir='ltr'><strong>(Uss.</strong></span> <span class='ocrx_word' id='word_1_283' title='bbox 1008 2873 1142 2945; x_wconf 80' lang='lat' dir='ltr'><strong>Alioquin</strong></span> <span class='ocrx_word' id='word_1_284' title='bbox 1156 2874 1229 2942; x_wconf 77' lang='lat' dir='ltr'><strong>ferri</strong></span> <span class='ocrx_word' id='word_1_285' title='bbox 1240 2873 1352 2928; x_wconf 84' lang='lat' dir='ltr'><strong>datibus</strong></span> <span class='ocrx_word' id='word_1_286' title='bbox 1363 2873 1483 2945; x_wconf 80' lang='lat' dir='ltr'><strong>aequit.)</strong></span> 
     </span>
     <span class='ocr_line' id='line_1_29' title="bbox 419 2950 1485 3030; baseline 0 -18"><span class='ocrx_word' id='word_1_287' title='bbox 419 2951 537 3024; x_wconf 80' lang='lat' dir='ltr'><em>XXXV,</em></span> <span class='ocrx_word' id='word_1_288' title='bbox 561 2956 578 3010; x_wconf 90' lang='grc'>2</span> <span class='ocrx_word' id='word_1_289' title='bbox 594 2973 653 3029; x_wconf 85' lang='lat' dir='ltr'><strong>pax</strong></span> <span class='ocrx_word' id='word_1_290' title='bbox 669 2953 724 3029; x_wconf 87' lang='lat' dir='ltr'><strong>[ex]</strong></span> <span class='ocrx_word' id='word_1_291' title='bbox 741 2953 913 3011; x_wconf 84' lang='lat' dir='ltr'><strong>auctoritate</strong></span> <span class='ocrx_word' id='word_1_292' title='bbox 931 2950 1035 3030; x_wconf 78' lang='lat' dir='ltr'><strong>(Deir.)</strong></span> <span class='ocrx_word' id='word_1_293' title='bbox 1052 2958 1067 3010; x_wconf 81' lang='grc'>4</span> <span class='ocrx_word' id='word_1_294' title='bbox 1086 2956 1205 3027; x_wconf 79' lang='lat' dir='ltr'><strong>(Vitium</strong></span> <span class='ocrx_word' id='word_1_295' title='bbox 1217 2955 1329 3012; x_wconf 78' lang='lat' dir='ltr'><strong>subesse</strong></span> <span class='ocrx_word' id='word_1_296' title='bbox 1344 2965 1485 3012; x_wconf 77' lang='lat' dir='ltr'><strong>monstrat</strong></span> 
     </span>
     <span class='ocr_line' id='line_1_30' title="bbox 419 3036 1488 3112; baseline 0.003 -20"><span class='ocrx_word' id='word_1_297' title='bbox 419 3040 505 3106; x_wconf 69' lang='grc' dir='ltr'><strong>11,ιή</strong></span> <span class='ocrx_word' id='word_1_298' title='bbox 527 3056 583 3111; x_wconf 81' lang='lat' dir='ltr'><strong>quc</strong></span> <span class='ocrx_word' id='word_1_299' title='bbox 606 3047 661 3093; x_wconf 87' lang='lat' dir='ltr'><strong>est:</strong></span> <span class='ocrx_word' id='word_1_300' title='bbox 693 3038 860 3093; x_wconf 85' lang='lat' dir='ltr'><strong>educeretur</strong></span> <span class='ocrx_word' id='word_1_301' title='bbox 882 3036 943 3093; x_wconf 89' lang='lat' dir='ltr'><strong>sine</strong></span> <span class='ocrx_word' id='word_1_302' title='bbox 963 3036 1030 3093; x_wconf 91' lang='lat' dir='ltr'><strong>dolo</strong></span> <span class='ocrx_word' id='word_1_303' title='bbox 1061 3037 1137 3094; x_wconf 82' lang='lat' dir='ltr'><strong>melo</strong></span> <span class='ocrx_word' id='word_1_304' title='bbox 1164 3037 1188 3094; x_wconf 88' lang='lat' dir='ltr'><strong>si</strong></span> <span class='ocrx_word' id='word_1_305' title='bbox 1216 3056 1273 3111; x_wconf 86' lang='lat' dir='ltr'><strong>qua</strong></span> <span class='ocrx_word' id='word_1_306' title='bbox 1296 3037 1410 3112; x_wconf 91' lang='lat' dir='ltr'><strong>publice</strong></span> <span class='ocrx_word' id='word_1_307' title='bbox 1435 3046 1488 3095; x_wconf 87' lang='lat' dir='ltr'><strong>aut</strong></span> 
     </span>
     <span class='ocr_line' id='line_1_31' title="bbox 418 3118 1488 3194; baseline 0.004 -19"><span class='ocrx_word' id='word_1_308' title='bbox 418 3119 554 3194; x_wconf 86' lang='lat' dir='ltr'><strong>privatim</strong></span> <span class='ocrx_word' id='word_1_309' title='bbox 592 3127 659 3177; x_wconf 87' lang='lat' dir='ltr'><strong>ante</strong></span> <span class='ocrx_word' id='word_1_310' title='bbox 701 3120 805 3176; x_wconf 84' lang='lat' dir='ltr'><strong>educte</strong></span> <span class='ocrx_word' id='word_1_311' title='bbox 845 3118 956 3187; x_wconf 82' lang='lat' dir='ltr'><strong>forent3</strong></span> <span class='ocrx_word' id='word_1_312' title='bbox 1010 3138 1089 3176; x_wconf 85' lang='lat' dir='ltr'><strong>oemo</strong></span> <span class='ocrx_word' id='word_1_313' title='bbox 1138 3125 1210 3177; x_wconf 87' lang='lat' dir='ltr'><strong>enim</strong></span> <span class='ocrx_word' id='word_1_314' title='bbox 1251 3122 1385 3178; x_wconf 84' lang='lat' dir='ltr'><strong>librarius</strong></span> <span class='ocrx_word' id='word_1_315' title='bbox 1427 3123 1488 3179; x_wconf 77' lang='lat' dir='ltr'><strong>bec</strong></span> 
     </span>
     <span class='ocr_line' id='line_1_32' title="bbox 420 3203 1488 3275; baseline 0.003 -17"><span class='ocrx_word' id='word_1_316' title='bbox 420 3203 571 3260; x_wconf 81' lang='lat' dir='ltr'><strong>additurus</strong></span> <span class='ocrx_word' id='word_1_317' title='bbox 598 3213 667 3261; x_wconf 84' lang='lat' dir='ltr'><strong>erat.</strong></span> <span class='ocrx_word' id='word_1_318' title='bbox 725 3204 780 3260; x_wconf 87' lang='lat' dir='ltr'><strong>Sed</strong></span> <span class='ocrx_word' id='word_1_319' title='bbox 809 3205 886 3275; x_wconf 85' lang='lat' dir='ltr'><strong>quod</strong></span> <span class='ocrx_word' id='word_1_320' title='bbox 918 3206 975 3260; x_wconf 82' lang='lat' dir='ltr'><strong>Em.</strong></span> <span class='ocrx_word' id='word_1_321' title='bbox 1006 3204 1064 3258; x_wconf 80' lang='grc'><strong>404</strong></span> <span class='ocrx_word' id='word_1_322' title='bbox 1096 3204 1183 3259; x_wconf 80' lang='lat' dir='ltr'><strong>verba</strong></span> <span class='ocrx_word' id='word_1_323' title='bbox 1210 3203 1271 3259; x_wconf 86' lang='lat' dir='ltr'><strong>sine</strong></span> <span class='ocrx_word' id='word_1_324' title='bbox 1299 3203 1367 3260; x_wconf 91' lang='lat' dir='ltr'><strong>dolo</strong></span> <span class='ocrx_word' id='word_1_325' title='bbox 1397 3204 1488 3273; x_wconf 86' lang='lat' dir='ltr'><strong>malo,</strong></span> 
     </span>
     <span class='ocr_line' id='line_1_33' title="bbox 420 3287 1488 3359; baseline 0.002 -17"><span class='ocrx_word' id='word_1_326' title='bbox 420 3305 483 3359; x_wconf 83' lang='lat' dir='ltr'><strong>quoe</strong></span> <span class='ocrx_word' id='word_1_327' title='bbox 505 3304 606 3359; x_wconf 84' lang='lat' dir='ltr'><strong>purum</strong></span> <span class='ocrx_word' id='word_1_328' title='bbox 633 3296 708 3343; x_wconf 86' lang='lat' dir='ltr'><strong>reete</strong></span> <span class='ocrx_word' id='word_1_329' title='bbox 731 3289 877 3342; x_wconf 75' lang='lat' dir='ltr'><strong>sementim</strong></span> <span class='ocrx_word' id='word_1_330' title='bbox 906 3290 1036 3342; x_wconf 76' lang='lat' dir='ltr'><strong>universe</strong></span> <span class='ocrx_word' id='word_1_331' title='bbox 1065 3287 1147 3342; x_wconf 84' lang='lat' dir='ltr'><strong>educi</strong></span> <span class='ocrx_word' id='word_1_332' title='bbox 1178 3304 1342 3359; x_wconf 81' lang='lat' dir='ltr'><strong>quemquam</strong></span> <span class='ocrx_word' id='word_1_333' title='bbox 1372 3305 1488 3344; x_wconf 82' lang='lat' dir='ltr'><strong>servum</strong></span> 
     </span>
     <span class='ocr_line' id='line_1_34' title="bbox 419 3370 1486 3441; baseline 0.003 -18"><span class='ocrx_word' id='word_1_334' title='bbox 419 3373 528 3425; x_wconf 80' lang='lat' dir='ltr'><strong>ostenti</strong></span> <span class='ocrx_word' id='word_1_335' title='bbox 557 3371 763 3441; x_wconf 74' lang='lat' dir='ltr'><strong>adiuupuatur,</strong></span> <span class='ocrx_word' id='word_1_336' title='bbox 797 3370 835 3425; x_wconf 86' lang='lat' dir='ltr'><strong>ud</strong></span> <span class='ocrx_word' id='word_1_337' title='bbox 866 3373 1014 3441; x_wconf 81' lang='lat' dir='ltr'><strong>sequentia</strong></span> <span class='ocrx_word' id='word_1_338' title='bbox 1045 3373 1138 3438; x_wconf 70' lang='lat' dir='ltr'><strong>(rari,</strong></span> <span class='ocrx_word' id='word_1_339' title='bbox 1176 3372 1281 3425; x_wconf 81' lang='lat' dir='ltr'><strong>iniuria</strong></span> <span class='ocrx_word' id='word_1_340' title='bbox 1307 3371 1383 3440; x_wconf 67' lang='grc' dir='ltr'><strong>[θείς</strong></span> <span class='ocrx_word' id='word_1_341' title='bbox 1420 3387 1486 3426; x_wconf 80' lang='lat' dir='ltr'><strong>uum</strong></span> 
     </span>
     <span class='ocr_line' id='line_1_35' title="bbox 420 3451 1485 3525; baseline 0 -18"><span class='ocrx_word' id='word_1_342' title='bbox 420 3451 546 3509; x_wconf 79' lang='lat' dir='ltr'><strong>abundat</strong></span> <span class='ocrx_word' id='word_1_343' title='bbox 586 3463 657 3519; x_wconf 79' lang='lat' dir='ltr'><strong>tum,</strong></span> <span class='ocrx_word' id='word_1_344' title='bbox 698 3453 775 3525; x_wconf 84' lang='lat' dir='ltr'><strong>quod</strong></span> <span class='ocrx_word' id='word_1_345' title='bbox 808 3455 951 3524; x_wconf 82' lang='lat' dir='ltr'><strong>sequitur,</strong></span> <span class='ocrx_word' id='word_1_346' title='bbox 994 3459 1084 3521; x_wconf 84' lang='lat' dir='ltr'><strong>recte,</strong></span> <span class='ocrx_word' id='word_1_347' title='bbox 1121 3463 1148 3509; x_wconf 82' lang='lat' dir='ltr'><strong>et</strong></span> <span class='ocrx_word' id='word_1_348' title='bbox 1182 3454 1301 3508; x_wconf 82' lang='lat' dir='ltr'><strong>alterum</strong></span> <span class='ocrx_word' id='word_1_349' title='bbox 1333 3452 1485 3510; x_wconf 79' lang='lat' dir='ltr'><strong>membrum</strong></span> 
     </span>
     <span class='ocr_line' id='line_1_36' title="bbox 420 3535 1485 3608; baseline -0.001 -18"><span class='ocrx_word' id='word_1_350' title='bbox 420 3539 594 3592; x_wconf 80' lang='lat' dir='ltr'><strong>contrarium</strong></span> <span class='ocrx_word' id='word_1_351' title='bbox 631 3538 769 3591; x_wconf 76' lang='lat' dir='ltr'><strong>orationis</strong></span> <span class='ocrx_word' id='word_1_352' title='bbox 804 3537 928 3605; x_wconf 81' lang='lat' dir='ltr'><strong>incipere</strong></span> <span class='ocrx_word' id='word_1_353' title='bbox 965 3535 1046 3590; x_wconf 83' lang='lat' dir='ltr'><strong>debet</strong></span> <span class='ocrx_word' id='word_1_354' title='bbox 1084 3554 1102 3590; x_wconf 87' lang='lat' dir='ltr'><strong>o</strong></span> <span class='ocrx_word' id='word_1_355' title='bbox 1131 3535 1156 3591; x_wconf 89' lang='lat' dir='ltr'><strong>si</strong></span> <span class='ocrx_word' id='word_1_356' title='bbox 1191 3554 1257 3608; x_wconf 75' lang='lat' dir='ltr'><strong>qua,</strong></span> <span class='ocrx_word' id='word_1_357' title='bbox 1314 3538 1485 3608; x_wconf 69' lang='lat' dir='ltr'><strong>Mopsopere</strong></span> 
     </span>
     <span class='ocr_line' id='line_1_37' title="bbox 419 3617 1482 3689; baseline 0 -16"><span class='ocrx_word' id='word_1_358' title='bbox 419 3628 560 3688; x_wconf 77' lang='lat' dir='ltr'><strong>pretereo</strong></span> <span class='ocrx_word' id='word_1_359' title='bbox 589 3621 708 3688; x_wconf 79' lang='lat' dir='ltr'><strong>effendit</strong></span> <span class='ocrx_word' id='word_1_360' title='bbox 741 3617 860 3688; x_wconf 73' lang='lat' dir='ltr'><strong>diiipens</strong></span> <span class='ocrx_word' id='word_1_361' title='bbox 895 3619 947 3674; x_wconf 86' lang='lat' dir='ltr'><strong>iila</strong></span> <span class='ocrx_word' id='word_1_362' title='bbox 986 3621 1105 3673; x_wconf 82' lang='lat' dir='ltr'><strong>ommium</strong></span> <span class='ocrx_word' id='word_1_363' title='bbox 1135 3635 1267 3689; x_wconf 73' lang='lat' dir='ltr'><strong>perieram</strong></span> <span class='ocrx_word' id='word_1_364' title='bbox 1300 3622 1482 3683; x_wconf 75' lang='lat' dir='ltr'><strong>enumeratio,</strong></span> 
     </span>
     <span class='ocr_line' id='line_1_38' title="bbox 420 3700 1481 3775; baseline 0 -21"><span class='ocrx_word' id='word_1_365' title='bbox 420 3718 503 3774; x_wconf 81' lang='lat' dir='ltr'><strong>quum</strong></span> <span class='ocrx_word' id='word_1_366' title='bbox 531 3705 602 3758; x_wconf 80' lang='lat' dir='ltr'><strong>sctis</strong></span> <span class='ocrx_word' id='word_1_367' title='bbox 623 3711 708 3758; x_wconf 83' lang='lat' dir='ltr'><strong>esset:</strong></span> <span class='ocrx_word' id='word_1_368' title='bbox 737 3719 773 3756; x_wconf 89' lang='lat' dir='ltr'><strong>ne</strong></span> <span class='ocrx_word' id='word_1_369' title='bbox 796 3700 874 3773; x_wconf 92' lang='lat' dir='ltr'><strong>quod</strong></span> <span class='ocrx_word' id='word_1_370' title='bbox 897 3700 1080 3775; x_wconf 89' lang='lat' dir='ltr'><strong>mancipium.</strong></span> <span class='ocrx_word' id='word_1_371' title='bbox 1132 3704 1218 3772; x_wconf 74' lang='lat' dir='ltr'><strong>liepio</strong></span> <span class='ocrx_word' id='word_1_372' title='bbox 1239 3705 1379 3773; x_wconf 81' lang='lat' dir='ltr'><strong>mancipio</strong></span> <span class='ocrx_word' id='word_1_373' title='bbox 1401 3703 1481 3759; x_wconf 80' lang='lat' dir='ltr'><strong>video</strong></span> 
     </span>
     <span class='ocr_line' id='line_1_39' title="bbox 420 3784 1479 3857; baseline 0.001 -19"><span class='ocrx_word' id='word_1_374' title='bbox 420 3785 541 3854; x_wconf 71' lang='lat' dir='ltr'><strong>inteilipr&#39;</strong></span> <span class='ocrx_word' id='word_1_375' title='bbox 553 3784 776 3856; x_wconf 73' lang='lat' dir='ltr'><strong>Phiiippirepis5</strong></span> <span class='ocrx_word' id='word_1_376' title='bbox 799 3784 849 3839; x_wconf 86' lang='lat' dir='ltr'><strong>sed</strong></span> <span class='ocrx_word' id='word_1_377' title='bbox 870 3801 920 3839; x_wconf 81' lang='lat' dir='ltr'><strong>car</strong></span> <span class='ocrx_word' id='word_1_378' title='bbox 943 3784 977 3839; x_wconf 84' lang='lat' dir='ltr'><strong>de</strong></span> <span class='ocrx_word' id='word_1_379' title='bbox 998 3787 1034 3840; x_wconf 85' lang='lat' dir='ltr'><strong>iis</strong></span> <span class='ocrx_word' id='word_1_380' title='bbox 1056 3785 1100 3839; x_wconf 84' lang='lat' dir='ltr'><strong>bic</strong></span> <span class='ocrx_word' id='word_1_381' title='bbox 1121 3793 1265 3851; x_wconf 80' lang='lat' dir='ltr'><strong>careatur,</strong></span> <span class='ocrx_word' id='word_1_382' title='bbox 1287 3793 1479 3857; x_wconf 70' lang='lat' dir='ltr'><strong>oomuppuret</strong></span> 
     </span>
     <span class='ocr_line' id='line_1_40' title="bbox 420 3867 1479 3938; baseline -0.001 -17"><span class='ocrx_word' id='word_1_383' title='bbox 420 3875 447 3922; x_wconf 85' lang='lat' dir='ltr'><strong>ei</strong></span> <span class='ocrx_word' id='word_1_384' title='bbox 468 3867 618 3924; x_wconf 81' lang='lat' dir='ltr'><strong>admodum</strong></span> <span class='ocrx_word' id='word_1_385' title='bbox 640 3868 771 3936; x_wconf 74' lang='lat' dir='ltr'><strong>ambipue</strong></span> <span class='ocrx_word' id='word_1_386' title='bbox 792 3868 845 3921; x_wconf 86' lang='lat' dir='ltr'><strong>illc</strong></span> <span class='ocrx_word' id='word_1_387' title='bbox 870 3869 1040 3938; x_wconf 68' lang='lat' dir='ltr'><strong>sipiificatio</strong></span> <span class='ocrx_word' id='word_1_388' title='bbox 1063 3876 1143 3934; x_wconf 85' lang='lat' dir='ltr'><strong>esset,</strong></span> <span class='ocrx_word' id='word_1_389' title='bbox 1166 3869 1245 3922; x_wconf 79' lang='lat' dir='ltr'><strong>rullo</strong></span> <span class='ocrx_word' id='word_1_390' title='bbox 1265 3869 1440 3938; x_wconf 76' lang='lat' dir='ltr'><strong>precedente</strong></span> <span class='ocrx_word' id='word_1_391' title='bbox 1453 3867 1479 3920; x_wconf 81' lang='lat' dir='ltr'><strong>ia</strong></span> 
     </span>
     <span class='ocr_line' id='line_1_41' title="bbox 419 3948 1479 4022; baseline -0.002 -18"><span class='ocrx_word' id='word_1_392' title='bbox 419 3951 473 4004; x_wconf 86' lang='lat' dir='ltr'><strong>bac</strong></span> <span class='ocrx_word' id='word_1_393' title='bbox 503 3959 564 4005; x_wconf 84' lang='lat' dir='ltr'><strong>tota</strong></span> <span class='ocrx_word' id='word_1_394' title='bbox 591 3967 623 4004; x_wconf 89' lang='lat' dir='ltr'><strong>re</strong></span> <span class='ocrx_word' id='word_1_395' title='bbox 650 3951 774 4021; x_wconf 82' lang='lat' dir='ltr'><strong>Philippi</strong></span> <span class='ocrx_word' id='word_1_396' title='bbox 801 3953 959 4019; x_wconf 59' lang='lat' dir='ltr'><strong>mertiorum</strong></span> <span class='ocrx_word' id='word_1_397' title='bbox 989 3953 1043 4004; x_wconf 89' lang='lat' dir='ltr'><strong>imo</strong></span> <span class='ocrx_word' id='word_1_398' title='bbox 1066 3951 1183 4006; x_wconf 83' lang='lat' dir='ltr'><strong>Nabidis</strong></span> <span class='ocrx_word' id='word_1_399' title='bbox 1211 3953 1421 4022; x_wconf 69' lang='lat' dir='ltr'><strong>mortificamur,</strong></span> <span class='ocrx_word' id='word_1_400' title='bbox 1449 3948 1479 4004; x_wconf 85' lang='lat' dir='ltr'><strong>de</strong></span> 
     </span>
     <span class='ocr_line' id='line_1_42' title="bbox 420 4031 1478 4106; baseline -0.002 -19"><span class='ocrx_word' id='word_1_401' title='bbox 420 4050 476 4104; x_wconf 82' lang='lat' dir='ltr'><strong>quo</strong></span> <span class='ocrx_word' id='word_1_402' title='bbox 499 4035 584 4088; x_wconf 83' lang='lat' dir='ltr'><strong>etiam</strong></span> <span class='ocrx_word' id='word_1_403' title='bbox 605 4049 628 4088; x_wconf 86' lang='lat' dir='ltr'><strong>c.</strong></span> <span class='ocrx_word' id='word_1_404' title='bbox 646 4032 696 4099; x_wconf 77' lang='lat'><strong>36,</strong></span> <span class='ocrx_word' id='word_1_405' title='bbox 719 4032 737 4086; x_wconf 82' lang='grc'><em>4</em></span> <span class='ocrx_word' id='word_1_406' title='bbox 758 4031 854 4106; x_wconf 86' lang='lat' dir='ltr'><strong>regius</strong></span> <span class='ocrx_word' id='word_1_407' title='bbox 879 4033 997 4101; x_wconf 77' lang='lat' dir='ltr'><strong>dicium,-</strong></span> <span class='ocrx_word' id='word_1_408' title='bbox 1019 4050 1085 4089; x_wconf 82' lang='lat' dir='ltr'><strong>seros</strong></span> <span class='ocrx_word' id='word_1_409' title='bbox 1106 4036 1166 4103; x_wconf 83' lang='lat' dir='ltr'><strong>ipse</strong></span> <span class='ocrx_word' id='word_1_410' title='bbox 1181 4050 1278 4088; x_wconf 86' lang='lat' dir='ltr'><strong>seruos</strong></span> <span class='ocrx_word' id='word_1_411' title='bbox 1293 4041 1325 4088; x_wconf 86' lang='lat' dir='ltr'><strong>ui</strong></span> <span class='ocrx_word' id='word_1_412' title='bbox 1344 4035 1478 4095; x_wconf 84' lang='lat' dir='ltr'><strong>educeret,</strong></span> 
     </span>
     <span class='ocr_line' id='line_1_43' title="bbox 419 4111 1480 4189; baseline -0.005 -19"><span class='ocrx_word' id='word_1_413' title='bbox 419 4113 660 4186; x_wconf 81' lang='lat' dir='ltr'><strong>permittebatur.&#39;</strong></span> <span class='ocrx_word' id='word_1_414' title='bbox 698 4117 760 4171; x_wconf 84' lang='lat' dir='ltr'><strong>Misi</strong></span> <span class='ocrx_word' id='word_1_415' title='bbox 783 4116 885 4186; x_wconf 74' lang='lat' dir='ltr'><strong>fallor,</strong></span> <span class='ocrx_word' id='word_1_416' title='bbox 914 4118 1005 4172; x_wconf 84' lang='lat' dir='ltr'><strong>Liuius</strong></span> <span class='ocrx_word' id='word_1_417' title='bbox 1028 4119 1070 4172; x_wconf 88' lang='lat' dir='ltr'><strong>sic</strong></span> <span class='ocrx_word' id='word_1_418' title='bbox 1095 4119 1220 4187; x_wconf 81' lang='lat' dir='ltr'><strong>scripsit:</strong></span> <span class='ocrx_word' id='word_1_419' title='bbox 1251 4133 1286 4170; x_wconf 91' lang='lat' dir='ltr'><strong>ne</strong></span> <span class='ocrx_word' id='word_1_420' title='bbox 1314 4116 1392 4189; x_wconf 92' lang='lat' dir='ltr'><strong>quod</strong></span> <span class='ocrx_word' id='word_1_421' title='bbox 1418 4111 1480 4173; x_wconf 88' lang='lat' dir='ltr'><strong>inde</strong></span> 
     </span>
     <span class='ocr_line' id='line_1_44' title="bbox 420 4195 1481 4273; baseline -0.003 -20"><span class='ocrx_word' id='word_1_422' title='bbox 420 4197 595 4273; x_wconf 80' lang='lat' dir='ltr'><strong>mancipium</strong></span> <span class='ocrx_word' id='word_1_423' title='bbox 629 4195 683 4253; x_wconf 89' lang='lat' dir='ltr'><strong>nisi</strong></span> <span class='ocrx_word' id='word_1_424' title='bbox 712 4197 822 4272; x_wconf 85' lang='lat' dir='ltr'><strong>regium</strong></span> <span class='ocrx_word' id='word_1_425' title='bbox 850 4198 964 4272; x_wconf 89' lang='lat' dir='ltr'><strong>publice</strong></span> <span class='ocrx_word' id='word_1_426' title='bbox 992 4206 1042 4254; x_wconf 91' lang='lat' dir='ltr'><strong>aut</strong></span> <span class='ocrx_word' id='word_1_427' title='bbox 1067 4198 1202 4273; x_wconf 86' lang='lat' dir='ltr'><strong>privatim</strong></span> <span class='ocrx_word' id='word_1_428' title='bbox 1232 4199 1401 4255; x_wconf 87' lang='lat' dir='ltr'><strong>educeretur</strong></span> <span class='ocrx_word' id='word_1_429' title='bbox 1423 4197 1481 4253; x_wconf 84' lang='lat' dir='ltr'><strong>sina</strong></span> 
     </span>
     <span class='ocr_line' id='line_1_45' title="bbox 422 4279 1481 4354; baseline -0.003 -18"><span class='ocrx_word' id='word_1_430' title='bbox 422 4279 489 4337; x_wconf 94' lang='lat' dir='ltr'><strong>dolo</strong></span> <span class='ocrx_word' id='word_1_431' title='bbox 518 4281 613 4348; x_wconf 89' lang='lat' dir='ltr'><strong>malo;</strong></span> <span class='ocrx_word' id='word_1_432' title='bbox 643 4280 668 4336; x_wconf 90' lang='lat' dir='ltr'><strong>si</strong></span> <span class='ocrx_word' id='word_1_433' title='bbox 697 4298 755 4354; x_wconf 87' lang='lat' dir='ltr'><strong>que</strong></span> <span class='ocrx_word' id='word_1_434' title='bbox 784 4290 850 4337; x_wconf 89' lang='lat' dir='ltr'><strong>ante</strong></span> <span class='ocrx_word' id='word_1_435' title='bbox 879 4281 981 4338; x_wconf 89' lang='lat' dir='ltr'><strong>educta</strong></span> <span class='ocrx_word' id='word_1_436' title='bbox 1009 4290 1060 4339; x_wconf 85' lang='lat' dir='ltr'><strong>cei.</strong></span> <span class='ocrx_word' id='word_1_437' title='bbox 1114 4284 1197 4338; x_wconf 81' lang='lat' dir='ltr'><strong>Recte</strong></span> <span class='ocrx_word' id='word_1_438' title='bbox 1216 4285 1272 4337; x_wconf 86' lang='lat' dir='ltr'><strong>ium</strong></span> <span class='ocrx_word' id='word_1_439' title='bbox 1293 4291 1424 4351; x_wconf 80' lang='lat' dir='ltr'><strong>cavetur,</strong></span> <span class='ocrx_word' id='word_1_440' title='bbox 1450 4281 1481 4333; x_wconf 80' lang='lat' dir='ltr'><strong>ol</strong></span> 
     </span>
     <span class='ocr_line' id='line_1_46' title="bbox 417 4363 1482 4436; baseline 0 -20"><span class='ocrx_word' id='word_1_441' title='bbox 417 4364 505 4418; x_wconf 80' lang='lat' dir='ltr'><strong>dolus</strong></span> <span class='ocrx_word' id='word_1_442' title='bbox 532 4365 624 4419; x_wconf 86' lang='lat' dir='ltr'><strong>malus</strong></span> <span class='ocrx_word' id='word_1_443' title='bbox 652 4363 741 4432; x_wconf 81' lang='lat' dir='ltr'><strong>absit,</strong></span> <span class='ocrx_word' id='word_1_444' title='bbox 782 4382 818 4419; x_wconf 81' lang='lat' dir='ltr'><strong>oc</strong></span> <span class='ocrx_word' id='word_1_445' title='bbox 850 4382 904 4436; x_wconf 85' lang='lat' dir='ltr'><strong>pro</strong></span> <span class='ocrx_word' id='word_1_446' title='bbox 938 4365 1023 4434; x_wconf 73' lang='lat' dir='ltr'><strong>repiis</strong></span> <span class='ocrx_word' id='word_1_447' title='bbox 1054 4365 1107 4420; x_wconf 84' lang='lat' dir='ltr'><strong>ciii</strong></span> <span class='ocrx_word' id='word_1_448' title='bbox 1136 4366 1302 4423; x_wconf 84' lang='lat' dir='ltr'><strong>educemur.</strong></span> <span class='ocrx_word' id='word_1_449' title='bbox 1367 4367 1482 4422; x_wconf 84' lang='lat' dir='ltr'><strong>Veramr</strong></span> 
     </span>
    </p>
   </div>
   <div class='ocr_carea' id='block_1_4' title="bbox 0 0 1747 5025">
    <p class='ocr_par' dir='ltr' id='par_1_4' title="bbox 0 0 1747 5025">
     <span class='ocr_line' id='line_1_47' title="bbox 0 0 1747 5025; baseline 0 0"><span class='ocrx_word' id='word_1_450' title='bbox 0 0 1747 5025; x_wconf 95' lang='lat' dir='ltr'><strong> </strong></span> 
     </span>
    </p>
   </div>
  </div>
 </body>
</html>
