3484 5025
531 542 609 589 Liber
623 539 749 589 XXXVI.
787 541 832 598 (A.
845 536 907 589 cha
922 538 991 600 191.)
1089 551 1092 559 “
1218 542 1250 595 il

260 726 272 783 i
302 729 465 785 Romanum
499 724 656 781 exercitum
692 741 756 779 cunt
789 741 858 797 rege
891 723 1027 797 Philippo
1065 740 1135 779 esse.
1193 723 1297 795 Itaque
1315 723 1348 776 13

261 850 353 889 emam
375 832 486 887 instare
508 829 586 903 apud
606 846 675 885 suos
698 839 834 884 causatus
847 848 909 896 rex,
932 846 1020 884 unum
1038 835 1148 884 tantum
1167 838 1297 883 moratus

262 956 307 994 em
330 937 368 993 ab
391 934 498 993 Larisa
519 933 636 990 recessit
665 942 694 989 et
714 933 931 990 Demetriadem
961 932 1057 1000 rediit;
1088 932 1241 1006 AEtolique
1270 942 1298 988 et

261 1044 414 1099 maranes
441 1040 471 1095 in
493 1056 562 1095 suos
585 1047 756 1113 receperunt
783 1056 814 1094 ae
839 1039 921 1098 fines.
969 1038 1085 1113 Appius
1116 1036 1185 1107 etsi,
1218 1036 1298 1093 cuius
1315 1032 1349 1085 14

261 1145 275 1202 i
304 1162 394 1202 causa
416 1144 521 1200 missus
542 1154 620 1213 erat,
650 1144 775 1200 solutam
806 1144 944 1201 cernebat
972 1142 1169 1209 obsidionem,
1201 1151 1298 1197 tamen

261 1250 366 1308 animm
379 1248 417 1305 ad
429 1249 643 1306 confirmandos
658 1249 687 1305 in
698 1248 840 1322 reliquum
852 1249 996 1306 sociorum
1012 1248 1125 1304 animos
1139 1245 1298 1312 descendit;

261 1356 400 1431 rplexque
420 1353 521 1411 laetitia
542 1364 626 1423 erat,
650 1353 729 1428 quod
756 1363 784 1410 et
806 1355 904 1411 hostes
925 1360 1109 1411 excesserant
1135 1350 1240 1407 finibus
1271 1360 1299 1406 et
1316 1346 1349 1398 15

262 1467 309 1518 tra
330 1458 439 1517 moenia
459 1457 623 1533 praesidium
646 1450 810 1516 Romanum
833 1462 999 1518 cernebant.

296 1566 382 1623 'Rex
409 1562 576 1620 Chalcidem
607 1581 625 1618 a
652 1563 840 1620 Demetriade
866 1563 1030 1639 profectus,
1067 1579 1167 1619 amore
1198 1568 1299 1634 captus
1356 1548 1392 1617 ll

262 1668 354 1743 rginis
381 1666 595 1737 Chalcidensis,
622 1665 812 1743 Cleoptolemi
838 1670 918 1740 filiae,
951 1687 1038 1742 quum
1066 1675 1178 1742 patrem
1206 1664 1299 1740 primo

262 1772 406 1849 legando,
437 1773 540 1829 deinde
565 1789 663 1828 coram
687 1773 750 1847 ipse
772 1776 904 1849 rogando
925 1774 1092 1848 fatigasset,
1121 1771 1241 1827 invitum
1270 1787 1300 1824 se

261 1879 379 1936 avions
401 1878 526 1936 fortunae
551 1878 712 1934 condicioni
739 1879 915 1953 illigantem,
944 1881 1059 1936 tandem
1082 1879 1238 1952 impetrata
1259 1878 1330 1945 raa

262 2002 375 2059 nquam
402 1986 432 2041 in
454 1982 645 2057 madia·pace
665 1985 782 2058 nuptias
803 1986 945 2056 celebrat,
976 1995 1004 2042 et
1025 1984 1166 2058 reliquum
1189 1982 1301 2049 hiemis,

262 2090 352 2161 alitus,
375 2099 501 2165 quantas
522 2088 607 2145 simul
630 2089 702 2145 duas
723 2108 770 2146 res
793 2092 983 2165 suscepisset,
1007 2090 1113 2147 bellum
1135 2091 1300 2146 Romanum

262 2230 265 2243 ·
287 2195 434 2255 Graeciam
456 2194 649 2264 liberandam,
676 2196 785 2251 omissa
806 2196 935 2253 omnium
956 2215 1051 2253 rerum
1074 2213 1158 2264 cura,
1180 2194 1209 2249 in
1232 2210 1300 2248 cou-

265 2301 321 2358 viis
339 2312 367 2358 et
384 2302 484 2357 vinum
501 2300 687 2375 sequentibus
699 2301 897 2375 voluptatibus
914 2320 949 2358 ac
966 2301 1068 2357 deinde
1083 2317 1118 2356 ex
1131 2297 1302 2371 fatigatione

263 2406 330 2481 agis
353 2424 440 2480 quam
464 2407 598 2462 satietate
620 2424 720 2463 earum
742 2408 772 2463 in
785 2424 889 2464 somno
902 2406 1040 2464 traduxit.
1073 2406 1184 2464 Eadem
1201 2411 1331 2464 omnes3

262 2512 391 2570 retectos
411 2512 524 2586 regios,
546 2512 595 2585 qui
620 2512 740 2587 ubique,
770 2515 807 2570 ad
829 2513 974 2570 Boeotiam
997 2514 1133 2585 maxime,
1155 2513 1301 2589 praepositi
1376 2500 1378 2503 Α

262 2613 365 2674 ibernia
387 2627 479 2684 erant,
501 2618 576 2692 cepit
597 2617 728 2688 luxuria,
750 2619 779 2674 in
801 2619 922 2674 eandem
945 2627 974 2674 et
995 2617 1098 2675 milites
1121 2617 1204 2675 effusi
1226 2627 1301 2685 sunt,

262 2723 462 2796 nequisquam
481 2741 581 2779 eorum
602 2702 752 2779 aut'arma
767 2722 859 2778 induit
878 2734 928 2779 aut
944 2723 1096 2779 stationem
1119 2732 1169 2780 aut
1187 2722 1332 2796 vigiliast
1369 2772 1379 2785 ,

263 2828 367 2883 nvavit
386 2810 439 2882 aut
452 2828 617 2902 quicquam,
640 2829 717 2901 quod
738 2828 869 2883 militaris
888 2828 983 2901 operis
1007 2839 1057 2884 aut
1074 2827 1200 2884 muneris
1217 2840 1302 2896 esset,

263 2932 317 2990 ait.
349 2934 456 3006 ltaque
477 2933 618 3007 principio
641 2932 726 3000 veris,
748 2952 835 3006 quum
858 2952 912 3007 per
932 2933 1090 2990 Phocidem
1104 2931 1333 2999 Charoneam,5
1388 2914 1393 2920 ⁸

263 3051 299 3095 uo
328 3037 484 3094 convenire
513 3056 628 3093 omnem
656 3038 781 3112 undique
812 3039 969 3094 exercitum
998 3039 1137 3106 iusserat,
1169 3037 1303 3103 venisset,

263 3141 326 3199 tcile
351 3142 570 3210 animadvertit,
607 3143 696 3198 nihilo
726 3145 871 3200 severiore
901 3144 1052 3218 disciplina
1083 3142 1187 3198 milites
1216 3159 1302 3213 quam

263 3259 342 3305 ncem
364 3245 541 3307 hibernasse.
590 3249 791 3306 Alexandrum
814 3251 881 3305 inde
903 3252 1061 3307 Acarnana
1084 3256 1111 3304 et
1134 3246 1335 3318 Menippumss

263 3349 433 3409 lacedonem
453 3353 583 3411 Stratum
595 3355 714 3412 AEtoliae
736 3355 835 3428 copias
853 3356 958 3412 ducere
970 3353 1066 3421 iussit;
1088 3352 1159 3426 ipse,
1182 3349 1304 3422 Delphis

263 3457 523 3533 unfieiotpollini
533 3457 622 3529 iacto,
633 3460 818 3534 Naupactum
832 3460 981 3534 processit.
1004 3457 1132 3517 Consilio
1142 3455 1303 3529 principum
1319 3463 1334 3515 7

263 3558 361 3623 italia
382 3563 497 3634 habito,
524 3564 587 3633 via,
618 3583 682 3638 qna}
705 3573 810 3638 praeter
833 3563 1012 3640 Calydonem
1038 3573 1066 3620 et
1088 3559 1304 3636 Lysimachiam

264 3677 300 3727 *t
325 3668 363 3726 ad
391 3668 538 3739 Stratum,
574 3668 649 3739 suis,
680 3669 729 3744 qni
758 3688 810 3743 per
831 3669 988 3727 Maliacum
1016 3669 1108 3725 sinum
1141 3666 1305 3730 veniebant,

264 3775 375 3833 counit.
420 3773 467 3830 Ibi
484 3775 683 3831 Mnasilochus
698 3775 831 3849 princeps
850 3756 1052 3844 Acarnanum,
1074 3773 1170 3830 multis
1193 3778 1337 3844 emptusg

264 3880 336 3950 aab,
352 3898 412 3937 non
429 3880 492 3954 ipse
509 3880 601 3937 solum
620 3890 734 3955 gentem
747 3881 808 3954 regi
823 3881 1006 3948 conciliabat,
1025 3881 1077 3936 sed
1088 3878 1203 3954 Clytum
1218 3875 1304 3932 etiam

264 3995 410 4053 retorem,
439 4004 528 4060 penes
556 3997 728 4059 quamtum
760 4005 874 4042 summa
899 3995 1029 4060 potestas
1058 3994 1134 4051 erat,
1166 3983 1194 4038 in
1224 3998 1305 4034 suam

264 4092 414 4149 mutiam
437 4091 608 4147 adduxerat.
664 4092 694 4147 Is
717 4110 803 4165 quum
829 4091 1005 4158 Leucadios,
1032 4089 1110 4163 quod
1134 4084 1337 4144 Acarnaniaetl

264 4205 416 4273 apnt'est,
446 4216 506 4253 non
533 4195 619 4254 facile
649 4197 686 4254 ad
709 4196 897 4253 defectionem
929 4213 1014 4270 posse
1044 4200 1172 4250 cerneret
1200 4187 1309 4262 impelli

265 4315 363 4383 roptar
385 4315 494 4362 metum
515 4305 656 4363 Romana
676 4302 786 4372 classis,
809 4319 873 4376 quae
896 4319 960 4357 cum
976 4299 1068 4358 Atilio
1091 4315 1212 4372 quaque
1233 4295 1308 4351 circa
