3484 5025
434 541 472 595 44
698 535 776 583 Liber
793 534 894 587 xxxi.
933 537 980 601 (A.
994 551 1020 589 a.
1035 552 1059 591 c.
1073 538 1146 601 tat.)

391 738 485 793 neque
507 718 609 775 milites
632 719 737 787 secuti;
770 720 869 776 omnia
898 729 1002 794 prater
1023 720 1174 777 victoriam
1196 737 1286 795 penes
1306 719 1457 777 consulem

391 844 454 883 esse
476 826 646 900 apparebat.

361 936 378 988 4
476 930 550 987 Ludi
573 930 677 986 deinde
698 948 716 985 a
738 931 773 986 P.
790 927 926 986 Cornelio
942 929 1086 1005 Scipione,
1107 948 1179 1004 quos
1194 930 1295 987 consul
1309 930 1339 986 in
1354 930 1460 988 Africa

361 1041 525 1105 bvoverat,
546 1053 653 1109 magno
675 1044 820 1109 apparatu
841 1034 921 1091 facti.
965 1036 1004 1092 Et
1025 1037 1061 1092 de
1083 1036 1161 1110 agris
1184 1035 1304 1093 militum
1328 1036 1390 1092 eius
1408 1036 1457 1092 de-

392 1151 516 1211 cretum,
545 1153 586 1210 ut,
615 1148 687 1211 quot
714 1138 836 1211 quisque
869 1158 969 1195 eorum
1003 1158 1094 1197 anuos
1126 1142 1154 1197 in
1189 1140 1335 1215 Hispania
1357 1149 1409 1197 aut
1429 1140 1459 1197 in

391 1245 496 1303 Africa
517 1245 677 1312 militasset,
699 1244 729 1299 in
749 1244 879 1317 singulos
901 1263 993 1301 annos
1008 1244 1077 1300 bina
1094 1244 1196 1318 iugera
1217 1246 1281 1319 agri
1300 1220 1459 1320 acciperem

361 1355 379 1408 6
392 1370 457 1409 eum
470 1369 571 1425 agrum
583 1350 739 1406 decemviri
755 1349 946 1423 assignarent.
982 1349 1140 1406 Triumviri
1154 1350 1222 1406 item
1234 1350 1325 1407 creati
1340 1351 1380 1406 ad
1391 1369 1458 1425 sup·

391 1455 526 1529 pleudum
542 1455 697 1511 Venusinis
719 1455 888 1511 colonorum
910 1474 1070 1523 numerum,
1094 1456 1172 1527 quod
1191 1455 1267 1512 bello
1282 1455 1459 1513 Hannibalis

392 1570 548 1617 attenuatae
567 1560 643 1616 vires
665 1561 726 1617 eius
754 1560 875 1616 coloniae
898 1569 995 1629 erant,
1028 1560 1062 1619 O.
1091 1560 1245 1616 Terentius
1273 1560 1392 1629 Varro,
1421 1561 1458 1619 T.

394 1665 545 1738 Quinctius
560 1664 750 1733 Flamininus,
772 1666 807 1724 P.
820 1664 972 1722 Cornelius
988 1665 1041 1723 On.
1063 1667 1138 1722 filius
1156 1664 1264 1739 Scipio.
1313 1665 1355 1721 Hi
1377 1665 1457 1722 colo-

393 1789 447 1828 nos
469 1770 629 1829 Venusiam
653 1771 877 1844 adscripserunt.

362 1880 378 1931 7
477 1876 589 1933 Eodem
614 1895 690 1934 anuo
713 1875 747 1933 C.
772 1874 923 1932 Cornelius
945 1871 1107 1951 Cethegus,
1137 1876 1186 1949 qui
1217 1876 1376 1955 proconsul
1404 1874 1457 1931 Hi·

393 1981 526 2057 spaniam
549 1981 707 2050 obtinebat,
730 1997 866 2055 magnum
890 1980 1014 2036 hostium
1040 1982 1197 2038 exercitum
1219 1981 1249 2038 in
1271 1998 1345 2055 agro
1369 1980 1456 2039 Sede·

393 2097 462 2142 tano
484 2084 568 2141 fudit.
618 2085 787 2157 Quindecim
812 2085 902 2140 millia
925 2085 1122 2159 Hispanorum
1144 2104 1179 2142 eo
1199 2084 1303 2160 proelio
1325 2085 1458 2142 dicuntur

394 2209 477 2259 caasa,
499 2191 583 2264 signa
606 2189 741 2245 militaria
764 2199 851 2264 capta
873 2199 939 2247 octo
962 2202 991 2246 et
1015 2189 1208 2263 septuaginta.

362 2297 380 2352 8
477 2295 510 2353 C.
532 2296 670 2352 Aurelius
694 2295 795 2352 consul
816 2314 904 2369 quum
928 2314 964 2351 ex
990 2295 1141 2369 provincia
1169 2296 1295 2352 Romam
1325 2294 1455 2353 comitio·

393 2421 456 2458 rum
481 2419 571 2458 causa
592 2402 727 2470 venisset,
747 2419 804 2456 non
825 2400 865 2467 id,
892 2399 969 2473 quod
992 2398 1095 2454 animis
1111 2409 1318 2474 praeceperant,
1341 2410 1456 2472 questus

361 2507 379 2562 9
394 2515 445 2577 est,
468 2526 525 2563 non
547 2515 744 2581 exspectatum
767 2508 808 2562 se¹
820 2505 858 2560 ab
880 2515 981 2560 senatu
997 2523 1091 2577 neque
1106 2504 1287 2579 disceptandi
1302 2523 1367 2561 cum
1382 2523 1453 2580 prae·

393 2621 457 2667 tore
478 2612 588 2668 consuli
615 2619 787 2685 potestatem
818 2609 941 2679 factam,
972 2609 1022 2664 sed
1050 2610 1092 2665 ita
1117 2611 1293 2683 triumphum
1323 2611 1453 2667 decresse

393 2726 535 2785 senatum,
559 2726 591 2772 ut
606 2715 720 2784 nullius,
743 2715 797 2772 nisi
819 2715 891 2784 eius,
914 2714 963 2788 qui
985 2714 1212 2788 triumphaturus
1235 2725 1319 2783 esset,
1346 2733 1452 2784 eorum,

344 2822 442 2895 tuqui
465 2820 540 2877 bello
562 2821 767 2888 interfuissent,
787 2821 879 2876 verba
901 2819 1022 2878 audiret.
1064 2820 1193 2876 Maiores
1208 2820 1274 2877 ideo
1288 2820 1451 2886 instituisse,

394 2935 425 2982 nt
445 2926 543 2999 legati,
564 2926 687 2994 tribuni,
709 2927 905 2993 centuriones,
930 2925 1033 2981 milites
1058 2925 1182 2999 denique
1203 2926 1350 2999 triumpho
1373 2925 1450 2981 ades·

393 3040 465 3097 sent,
489 3040 520 3086 ut
542 3040 621 3088 testas
641 3041 896 3106 rerumgestarum
910 3031 980 3099 eius,
1002 3030 1047 3087 cui
1070 3039 1167 3086 tantus
1183 3032 1276 3087 honos
1292 3032 1449 3096 haberetur,

344 3137 375 3190 ll
393 3136 517 3212 populus
538 3137 689 3192 Romanus
710 3134 829 3191 videret.
875 3136 1004 3207 Ecquem
1028 3154 1065 3191 ex
1086 3155 1121 3191 eo
1143 3136 1285 3205 exercitu,
1317 3136 1368 3209 qui
1389 3152 1447 3191 cum

393 3241 488 3299 Gallis
510 3243 691 3316 pugnaverit,
713 3240 737 3296 si
759 3257 816 3294 non
840 3239 976 3307 militem,
997 3239 1087 3296 lixam
1111 3240 1212 3296 saltem
1234 3239 1339 3309 fuisse,
1370 3257 1449 3313 quem

327 3393 335 3409 .
391 3348 557 3422 percontari
577 3357 675 3422 posset
701 3356 832 3413 senatus,
862 3344 931 3417 quid
960 3344 1021 3400 veri
1048 3355 1156 3419 praetor
1183 3345 1289 3401 vanive
1320 3340 1448 3401 afferret?

345 3450 525 3510 l2Comitiis
548 3453 651 3508 deiude
673 3452 747 3506 diem
778 3449 882 3518 edixit,
914 3449 1017 3521 quibus
1046 3450 1135 3505 creati
1164 3460 1231 3506 sunt
1257 3450 1391 3506 consules
1420 3449 1449 3504 L.

392 3555 543 3614 Cornelius
570 3557 716 3625 Lentulus,
738 3556 774 3615 P.
799 3554 903 3610 Villius
925 3554 1085 3628 Tappulus.
1129 3556 1273 3612 Praetores
1295 3554 1364 3611 inde
1386 3549 1448 3611 facti

392 3663 426 3717 L.
460 3661 611 3732 Quinctius
644 3660 839 3728 Flamininus,
873 3660 906 3716 L.
941 3660 1077 3716 Valerius
1106 3660 1246 3729 Flaccus,
1279 3660 1316 3717 L.
1351 3658 1448 3715 Villius

392 3766 554 3839 Tappulus,
576 3765 629 3822 Cn.
651 3765 767 3821 Baebius
791 3764 973 3838 Tamphilus.
1003 3831 1005 3837 ,
1070 3747 1073 3752 ’

295 3863 343 3930 50
475 3874 603 3927 Annona
624 3890 740 3945 quoque
763 3889 797 3926 ao
820 3888 897 3925 anno
919 3869 1035 3943 pervilis
1056 3868 1124 3935 fuit3
1146 3868 1282 3926 frumenti
1298 3870 1357 3926 vim
1373 3883 1448 3941 mag·

391 3994 458 4031 nam
481 3995 518 4033 ex
540 3976 644 4033 Africa
659 3977 809 4033 advectam
833 3975 930 4031 aediles
951 3976 1064 4030 curules
1083 3976 1124 4030 M.
1141 3973 1282 4031 Claudius
1298 3972 1447 4030 Marcellus

392 4091 419 4138 et
442 4081 510 4140 Sex.
545 4082 644 4139 AElius
665 4082 763 4137 Paetus
786 4080 860 4136 binis
875 4080 940 4136 aeris
961 4080 990 4135 iu
1016 4080 1129 4136 modios
1150 4078 1259 4153 populo
1281 4079 1445 4136 diviserunt.

360 4185 430 4245 2Et
461 4187 545 4243 ludos
572 4189 723 4244 Romanos
760 4203 867 4260 magno
902 4195 1045 4258 apparatu
1078 4184 1220 4252 feceruut3
1253 4184 1330 4240 diem
1366 4195 1445 4240 unum

390 4293 600 4359 instaurarunt3
638 4291 721 4364 signa
750 4308 841 4346 aenea
872 4290 999 4362 quinque
1021 4307 1056 4345 ex
1089 4289 1248 4346 multaticio
1277 4301 1396 4365 argento
1421 4286 1446 4342 in

212 4376 354 4420 1..
