3484 5025
457 433 466 459 Ι

614 467 828 555 ussrxxxrx.
847 461 1063 567 (achatem
1157 571 1160 588 ι
1265 508 1319 565 tat

298 687 421 758 civitati,
443 706 530 762 quum
553 688 667 746 concilii
687 689 779 745 nostri
801 708 864 745 eam
888 688 1040 745 fecerimus
1061 698 1101 745 et·
1114 689 1197 745 nobis
1219 688 1365 748 miscueri-

299 811 374 860 mus,
406 804 438 849 ut
460 812 565 869 cerpus
597 776 684 851 unum
714 804 741 850 et
772 793 923 849 concilium
952 793 1039 851 totius
1064 794 1257 868 Peloponnesi
1280 804 1365 853 esset.

300 897 394 968 Tunc,
421 909 454 953 ut
489 898 601 972 opinor,
631 898 655 954 si
686 898 750 956 aliis
786 899 841 974 ipsi
870 899 982 973 legibus
1003 899 1176 968 viveremus,
1204 900 1277 956 alias
1304 874 1396 958 istis⁷8

294 1002 533 1074 iniunxissemus,
565 1004 646 1078 queri
668 1022 700 1061 se
730 992 828 1078 iniquo
851 1005 914 1061 iure
940 1023 1003 1063 esse
1024 1016 1053 1062 et
1074 1005 1216 1081 indignari
1239 1015 1365 1080 possent.

300 1106 368 1167 Seio
391 1127 458 1184 ego,
480 1113 560 1184 App.
580 1107 693 1177 Claudi,
715 1111 799 1202 hanc·
814 1110 985 1175 orationem,
1009 1129 1067 1184 que
1084 1129 1147 1167 sum
1170 1112 1265 1184 udhpc
1288 1116 1416 1183 usus,9'

296 1232 395 1289 neque
424 1215 568 1291 sociorum
597 1217 676 1291 apud
705 1215 800 1272 socios
836 1234 930 1289 neque
958 1215 1057 1274 liberte
1092 1218 1186 1291 gentis
1212 1236 1284 1287 esse,
1315 1217 1366 1274 sed
1395 1241 1398 1246 ·

301 1336 370 1376 vere
391 1337 542 1376 servorum
565 1322 785 1397 disceptantium
810 1321 886 1395 aput]
903 1321 1045 1378 dotuinos.
1089 1323 1166 1380 Nam
1179 1323 1203 1379 si
1216 1342 1273 1379 non
1289 1342 1367 1379 vaus
1383 1331 1418 1384 10

287 1442 358 1510 'vox
380 1424 593 1499 ills‘praeconis
614 1426 678 1494 fuit,
697 1446 756 1501 qua
776 1426 883 1483 liberos
906 1427 1105 1486 esseomnium
1121 1429 1229 1502 primos
1242 1429 1367 1485 Achaeos

301 1529 432 1598 iussistis,
454 1530 478 1587 si
500 1531 594 1589 fedus
622 1544 716 1589 ratum
739 1544 792 1599 est,
819 1533 844 1589 si
868 1532 992 1590 societas
1022 1543 1051 1590 et
1074 1534 1202 1590 amicitia
1222 1552 1260 1590 ex
1282 1552 1366 1607 teqtto

302 1621 488 1707 observatur,
513 1656 564 1694 cur
585 1656 650 1713 ego,
678 1639 747 1713 quid
770 1636 873 1714 Capua
896 1650 983 1713 capta
1004 1637 1129 1695 feceritis
1152 1613 1286 1704 Romani,
1308 1656 1365 1694 non

302 1759 410 1815 quaero,
430 1760 486 1797 vos
507 1742 648 1799 rationem
663 1744 823 1818 reposcitis,
846 1744 915 1816 quid
928 1743 1028 1800 Achoei
1048 1743 1274 1800 Lacedaemoniis
1291 1743 1366 1800 bello

301 1847 383 1907 vietis
404 1845 580 1904 fecerimus?
603 1848 749 1906 interfecti
772 1850 860 1923 aliqui
871 1859 946 1906 sunt.
981 1849 1082 1924 Finge,
1104 1868 1123 1905 a
1144 1849 1237 1908 nobis.
1270 1846 1367 1921 Quid?
1384 1843 1412 1897 Η

300 1951 363 2009 Vos
385 1963 537 2009 senatores
567 1952 734 2029 Campanos
763 1955 856 2010 securi
885 1973 944 2010 non
966 1953 1167 2029 percussistis?
1200 1956 1302 2011 Muros
1324 1954 1367 2011 di·
1385 1948 1418 2003 ¹2

297 2057 418 2143 ruimus.
452 2058 515 2113 Vos
537 2077 595 2117 non
618 2078 715 2116 muros
738 2070 858 2128 tantum,
880 2059 931 2116 sed
943 2060 1041 2115 urbem
1054 2078 1199 2134 agrosque
1210 2060 1366 2118 ademistis.

295 2163 446 2239 „Specie“
469 2164 563 2238 inquis
589 2184 720 2239 „aequum
744 2180 786 2223 est
808 2165 920 2235 foedus3
940 2184 973 2224 re
995 2165 1073 2239 apud
1089 2167 1213 2223 Achaeos
1235 2164 1367 2240 precaria
1383 2159 1418 2215 13

291 2268 429 2340 libertas,
453 2271 529 2345 apud
543 2272 691 2329 Romanos
711 2272 798 2336 etiam
811 2271 961 2345 imperium
978 2273 1052 2328 est.“
1085 2269 1195 2336 Sentio,
1212 2269 1306 2343 Appi,
1330 2280 1368 2338 et,
1384 2268 1418 2321 14

290 2375 320 2432 si
343 2393 405 2431 non
428 2385 552 2449 oportet,
573 2376 793 2451 noniudigu0r3
815 2377 865 2433 sod
888 2395 940 2434 oro
953 2394 1015 2442 vos,
1038 2376 1246 2450 quantumlibet
1258 2374 1369 2431 intersit

289 2481 375 2540 inter
403 2481 613 2538 Romanos-et
642 2479 778 2553 Achaeos,
809 2482 897 2539 modo
930 2501 966 2539 ne
995 2473 1024 2538 in
1051 2500 1134 2556 aequo
1158 2482 1256 2538 hostes
1278 2479 1366 2537 vestri

290 2586 452 2660 nostrique
476 2588 554 2660 apud
584 2606 637 2644 vos
659 2587 716 2644 siut
744 2608 779 2645 ac
800 2607 853 2644 nos
881 2589 961 2656 socii,
988 2588 1077 2644 immo
1101 2606 1138 2643 ne
1163 2587 1279 2642 meliore
1306 2586 1369 2642 iure
1456 2655 1468 2666 x

292 2692 365 2750 siut.
410 2692 490 2749 Nam
521 2693 604 2749 utin
632 2711 715 2767 aequo
746 2705 850 2762 esseut,
877 2713 930 2750 nos
958 2693 1088 2762 fecimus,
1117 2711 1204 2766 quum
1233 2691 1312 2766 leges
1333 2690 1420 2748 iisl5

294 2790 419 2854 nostras
449 2779 594 2870 dedimus,
616 2817 714 2872 quum,
737 2809 768 2856 ut
794 2801 916 2856 Achaici
941 2799 1052 2856 concilii
1084 2809 1188 2886 essent,
1210 2796 1368 2855 effecimus.

295 2904 413 2961 Parum
443 2913 486 2960 est
517 2904 610 2972 victis,
640 2905 717 2977 quod
752 2905 909 2962 victoribus
941 2906 1011 2962 satis
1038 2915 1095 2972 est;
1130 2905 1194 2978 plus
1223 2903 1371 2978 postulant

297 3009 412 3076 hostes,
435 3026 522 3082 quam
545 3009 615 3065 socii
631 3010 746 3066 habeut.
781 3011 853 3084 Quae
875 3011 1081 3079 iureiurando,
1103 3028 1167 3083 quas
1180 3005 1371 3079 monumentis
1388 3008 1422 3064 16

295 3112 464 3170 litterarum
486 3113 515 3169 in
545 3113 643 3188 lapide
672 3115 822 3190 insculptis
852 3116 881 3172 in
909 3131 1044 3172 aeternem
1071 3114 1240 3171 memoriam
1270 3121 1372 3168 sancta
1459 3184 1461 3188 Ι

297 3228 393 3291 atque
428 3198 546 3276 sacrate
576 3230 651 3288 sunt,
687 3239 723 3276 ea
755 3240 819 3276 curn
853 3220 980 3294 periurio
1010 3230 1109 3277 nostro
1133 3219 1233 3275 toliere
1256 3226 1370 3291 parant

297 3307 450 3380 Veremur
462 3324 576 3397 quidem
599 3343 662 3393 vos,
683 3302 819 3394 Romani,
841 3339 878 3395 et,
901 3326 925 3382 si
947 3328 988 3382 ita
1003 3325 1099 3392 vultis,
1120 3324 1207 3380 etium
1223 3322 1371 3390 timemust
1388 3324 1422 3379 tt
1494 3375 1501 3382 ,

297 3430 354 3490 sed
378 3428 444 3503 plus
472 3440 501 3486 et.
521 3449 656 3487 veremur
676 3441 705 3488 et
727 3433 860 3488 timemus
883 3433 952 3488 deos
974 3429 1180 3489 immortales.“
1229 3426 1302 3485 Cum
1326 3446 1372 3485 es·
1389 3429 1424 3486 18

299 3554 390 3594 sensu
413 3536 548 3592 maximae
570 3537 661 3611 partis
683 3548 726 3594 est
742 3539 867 3606 auditus,
890 3550 917 3594 et
941 3535 1065 3591 locutum
1085 3530 1194 3591 umnes'
1205 3553 1259 3608 pro
1282 3532 1372 3592 maie·

300 3651 382 3699 state
404 3641 591 3725 magistratus
604 3645 769 3711 censebant,
790 3654 822 3699 ut
834 3642 920 3700 facile
935 3650 1099 3716 appareret,
1119 3640 1243 3696 molliter
1259 3637 1372 3713 agendo

300 3747 476 3823 dignitatem
507 3764 589 3802 suam
613 3756 717 3804 'tenere
741 3751 891 3806 Romanos
920 3766 977 3803 non
1007 3765 1104 3820 posse.
1157 3747 1233 3803 Tum
1257 3744 1373 3819 Appius
1390 3747 1424 3803 19
1508 3757 1510 3761 '

300 3852 430 3910 suadere
445 3871 483 3910 ,se
508 3870 686 3927 magnopere
709 3854 823 3910 Achaeis
846 3853 928 3919 dixit,
951 3862 992 3919 ut,
1014 3853 1080 3908 dum
1105 3851 1204 3908 liceret
1224 3850 1374 3906 voluntate

302 3965 359 4014 su‘a
381 3955 488 4025 facere,
508 3931 640 4031 ⁸gratiam
668 3958 781 4025 inirent,
808 3977 857 4014 nev
878 3977 948 4014 mox
969 3958 1049 4013 inriti
1073 3969 1101 4014 et
1124 3956 1216 4014 eoacti
1237 3955 1373 4015 facerent.

302 4065 379 4121 Haee
401 4081 461 4119 vox
483 4062 582 4119 audita
604 4063 719 4136 quidem
742 4082 805 4119 cum
829 4063 956 4119 omnium
979 4064 1086 4136 gemitu
1112 4073 1164 4130 est,
1193 4064 1243 4119 sed
1267 4073 1373 4119 metum
1387 4063 1425 4119 tt

302 4169 404 4226 iniecit
425 4169 568 4243 imperate
589 4168 755 4236 recusandi3
776 4168 805 4224 id
828 4169 915 4224 modo
939 4169 1090 4243 petierunt,
1113 4181 1144 4224 ut
1154 4167 1375 4249 Romeni,.quse
1388 4169 1422 4225 21

303 4275 482 4344 viderentur,
514 4275 550 4330 de
578 4274 806 4331 Lacedaemoniis
834 4283 980 4331 mutarent
1005 4293 1057 4331 nec
1084 4274 1210 4330 Achaeos
1236 4272 1375 4347 religione
