3484 5025
474 509 513 564 36
749 504 828 553 Liber
846 503 948 557 xxxl.
984 499 1068 569 (0.0.
1082 520 1104 554 0.
1118 506 1190 570 ast.)

429 691 538 747 instare
571 690 609 745 ab
641 696 723 762 tergo
750 688 923 745 abeuntibus
952 698 981 745 et
1010 688 1155 763 carpendo
1185 698 1365 764 postremum
1395 710 1494 766 agmen

398 794 578 868 9segniores
605 811 655 849 eos
685 794 723 849 ad
750 793 910 850 movendos
932 794 1019 849 domo
1042 794 1184 851 exercitus
1207 794 1331 852 efficere.
1380 797 1496 855 AEtolos

428 897 617 955 Damocritus
647 907 767 971 praetor,
801 897 851 970 qoi
888 915 976 953 morae
1012 897 1050 953 ad
1079 898 1290 956 decernendum
1323 901 1430 958 bellum
1461 902 1494 958 ad

427 1003 615 1078 Naupactum
639 1000 770 1078 [auctor]
799 1001 909 1071 fuerat,
937 1001 1012 1057 idem
1046 1002 1179 1075 proximo
1206 1004 1329 1061 concilio
1358 1005 1398 1061 ad
1418 1024 1494 1062 arma

428 1109 594 1165 conciverat
615 1117 682 1181 post
702 1106 812 1163 lamam
834 1106 975 1181 equestris
993 1107 1030 1162 ad
1043 1104 1213 1165 Ottolobum
1225 1127 1331 1183 pugnae
1342 1110 1494 1168 Dardano·

427 1231 550 1286 rumque
580 1221 608 1268 et
633 1209 763 1267 Pleurati
800 1228 865 1266 cum
896 1211 1003 1286 Illyriis
1043 1212 1194 1268 transitum
1223 1213 1252 1269 in
1283 1215 1494 1282 Macedoniam,

379 1318 413 1371 10
428 1318 466 1373 ad
489 1318 544 1373 hoc
566 1315 668 1371 classis
682 1316 822 1372 Romanae
844 1316 999 1371 adventum
1019 1314 1127 1373 Oreum
1151 1328 1179 1373 at
1200 1336 1287 1392 super
1308 1319 1494 1378 circumfusas

427 1429 472 1477 tot
489 1421 669 1477 Macedoniae
689 1429 789 1493 gentes
811 1420 986 1476 maritimam
1006 1439 1122 1495 quoque
1136 1421 1290 1479 instantem
1307 1424 1494 1483 obsidionem.

330 1520 368 1587 11
426 1526 483 1584 Hae
513 1543 609 1582 causae
636 1524 837 1581 Damocritum
864 1524 1042 1599 AEtolosque
1070 1526 1254 1585 restituerant
1282 1529 1441 1599 Romanis,
1469 1541 1494 1586 et
1533 1577 1534 1584 ,

426 1630 620 1704 Amynandro
652 1647 721 1703 rege
753 1629 952 1686 Athamanum
993 1630 1128 1686 adiuncto
1164 1630 1301 1705 profecti,
1335 1633 1493 1692 Cercinium
1533 1629 1534 1634 '

394 1734 575 1791 lobsedere.
619 1732 793 1790 Clauserunt
813 1745 930 1807 portas,
952 1735 1107 1806 incertum,
1129 1736 1159 1791 vi
1181 1755 1218 1791 an
1240 1736 1409 1807 voluntate,
1432 1739 1496 1813 qnia
1530 1715 1534 1770 -Ι

394 1837 537 1911 dregium
560 1838 707 1894 habebant
728 1836 907 1912 praesidium3
930 1848 1055 1896 ceterum
1076 1839 1153 1896 intra
1174 1858 1284 1914 paucos
1304 1840 1367 1896 dies
1383 1852 1493 1916 captum

425 1952 470 1999 est
484 1940 647 1998 Cercinium
671 1952 759 2015 atque
779 1940 941 2010 incensum3
964 1944 1015 2017 qui
1033 1943 1235 2019 superfuerunt
1252 1963 1268 2001 e
1284 1962 1394 2018 magna
1409 1946 1494 2013 clade,

394 2044 508 2104 lliberi
523 2046 657 2120 servique
676 2046 751 2101 inter
766 2054 892 2102 ceteram
912 2049 1039 2121 praedam
1062 2050 1188 2106 abducti.
1232 2049 1262 2105 Is
1285 2048 1374 2105 timor
1390 2069 1494 2121 omues,

430 2152 481 2225 qui
510 2149 717 2208 circumcolunt
746 2150 855 2205 Boeben
886 2152 1038 2225 paludem,
1071 2153 1177 2210 relictis
1212 2154 1347 2223 urbibus,
1388 2167 1495 2214 montet

393 2261 411 2315 5
429 2254 526 2329 coegit
539 2264 646 2329 petere.
683 2254 780 2311 AEtoli
800 2254 900 2329 inopia
921 2257 1026 2330 praedae
1047 2257 1114 2313 inde
1135 2258 1230 2314 eversi
1250 2258 1279 2314 in
1298 2260 1493 2322 Perrhaebiaur

427 2360 471 2417 ire
492 2370 624 2435 pergunt.
671 2357 804 2433 Cyretias
831 2360 872 2416 ibi
899 2360 928 2416 vi
958 2360 1076 2434 capiunt
1104 2360 1238 2434 foedeque
1266 2362 1421 2438 diripiunt3
1449 2365 1494 2440 qui

426 2465 565 2523 Malceam
580 2465 718 2535 incolunt,
733 2465 883 2523 voluntate
900 2464 930 2521 in
947 2464 1120 2522 deditionem
1135 2466 1362 2542 societatemque
1378 2470 1491 2546 accepti.

394 2572 474 2630 6Εο
497 2570 666 2627 Perrhaebia
688 2570 842 2644 Gomphos
872 2571 989 2644 petendi
1017 2573 1205 2646 Amynander
1233 2583 1336 2630 auctor
1364 2586 1441 2644 erat;
1468 2584 1493 2633 et

427 2674 547 2731 mmiuet
576 2676 760 2733 Athamania
788 2674 856 2733 huic
891 2675 969 2744 urbi,
1000 2675 1211 2751 videbaturque
1240 2680 1405 2752 expugnari
1435 2681 1493 2737 sine

389 2782 408 2837 7
431 2797 538 2854 magno
559 2768 715 2837 cartamine
736 2798 831 2854 posse.
881 2780 976 2837 AEtoli
998 2798 1118 2855 campos
1139 2782 1299 2839 Thessalia
1321 2785 1437 2859 opimos
1457 2786 1491 2843 ad

428 2886 556 2960 praedam
572 2885 689 2959 petiere,
712 2893 859 2958 sequente,
881 2903 1048 2958 quanquam
1070 2903 1127 2941 non
1142 2888 1285 2960 probante
1300 2891 1490 2965 Amynandro

424 3008 478 3047 uec
498 2988 605 3047 effusas
621 2989 824 3065 populationes
838 2989 1006 3046 AEtolorum
1029 3007 1082 3046 nec
1104 3001 1209 3060 castra,
1232 3011 1289 3065 quo
1305 2992 1367 3050 1000
1383 2996 1490 3052 tulisset

391 3093 498 3165 810οο,
520 3095 582 3151 0100
603 3093 662 3151 0110
685 3095 848 3152 discrimine
870 3103 921 3151 aut
943 3113 1012 3150 cura
1032 3094 1177 3150 muniendi
1195 3096 1299 3169 posita,
1319 3100 1444 3174 ltaque
1457 3118 1489 3156 00

421 3199 569 3256 temeritas
591 3219 689 3257 eorum
713 3200 945 3274 negligentiaque
967 3199 1021 3256 sibi
1042 3218 1076 3256 ac
1092 3199 1151 3255 0010
1166 3201 1252 3256 etiam
1268 3202 1359 3259 cladis
1371 3205 1488 3263 alicuius

420 3322 510 3362 causa
537 3313 627 3374 esset,
655 3324 743 3379 quum
771 3303 980 3378 campestribus
1007 3303 1078 3361 locis
1108 3304 1291 3362 subiicientes
1321 3327 1373 3365 eos
1396 3321 1488 3369 castra

388 3409 607 3465 9Pharcadoni
628 3410 692 3466 urbi
724 3409 849 3477 videret,
881 3408 943 3482 ipse
964 3407 1052 3482 paulo
1075 3407 1139 3482 plus
1162 3409 1240 3465 mille
1261 3429 1402 3484 passuum
1424 3415 1487 3473 inda

371 3518 405 3570 lll
421 3513 561 3569 tumulum
583 3514 658 3586 stris,
687 3516 820 3589 quamvis
842 3512 899 3569 levi
923 3513 1099 3568 munimento
1121 3510 1229 3580 tutum,
1260 3517 1346 3590 cepit.
1392 3521 1485 3592 Quum

418 3618 529 3703 AEtoli,
557 3619 611 3675 nisi
634 3619 712 3693 quod
733 3617 965 3694 populabantur,
994 3617 1044 3673 vix
1067 3617 1230 3674 meminisse
1251 3620 1432 3695 viderentur,
1455 3644 1485 3681 sc

418 3723 448 3779 in
471 3742 542 3798 agro
565 3725 690 3781 hostium
713 3741 790 3792 esse,
812 3722 861 3779 alii
882 3722 973 3798 palati
995 3741 1150 3779 semermes
1174 3737 1361 3798 vagarentur,
1386 3731 1483 3787 aliiin

418 3829 521 3884 castris
550 3829 612 3884 sine
641 3827 812 3884 stationibus
840 3847 893 3902 per
921 3846 1052 3885 somnum
1080 3828 1237 3901 vinumque
1264 3829 1326 3888 dies
1352 3836 1483 3893 noctibus

368 3942 400 3996 11
417 3943 575 4008 aequarent,
600 3931 753 4007 Philippus
773 3932 989 4007 inopinantibus
1012 3934 1137 3989 advenit.
1170 3933 1366 4009 Quemquam
1382 3942 1483 3998 adesse

417 4039 592 4114 refugientes
612 4056 650 4094 ex
671 4038 749 4112 agris
769 4038 887 4112 quidam
912 4038 1010 4113 pavidi
1033 4038 1226 4109 nuntiassent,
1253 4042 1399 4114 trepidare
1422 4047 1480 4102 Da·

417 4146 556 4201 mocritus
577 4143 720 4217 ceterique
751 4144 837 4200 duces
868 4143 910 4216 (et
940 4152 1002 4198 erat
1033 4143 1109 4200 10010
1141 4144 1329 4202 meridianum
1359 4157 1480 4224 tempus,

364 4255 402 4311 12
416 4270 474 4325 quo
496 4249 626 4324 plerique
647 4267 752 4322 graves
774 4249 837 4307 cibo
870 4249 957 4323 sopiti
989 4248 1144 4320 iacebant),
1177 4249 1303 4307 excitare
1327 4252 1376 4309 alii
1399 4253 1479 4322 ahos,
