3484 5025
435 515 491 570 tta
685 509 925 561 atserxxxvm.
952 506 1160 571 (amasae.)

390 698 522 765 trahens,
555 696 604 751 vix
635 695 761 768 quinque
791 693 909 750 millium
942 693 988 750 die
1016 699 1079 748 toto
1108 689 1217 746 itinere
1250 686 1392 763 perfecto,
1408 685 1452 745 ul

342 797 524 866 ltsseuoos,
551 802 629 874 quod
658 810 740 857 vetus
763 799 926 883 appellant,
954 796 1096 873 pervenit.
1147 794 1197 851 Ad
1223 794 1368 850 Anabura
1386 790 1446 860 inda

391 917 419 963 et
447 906 538 962 altero
569 907 615 962 die
642 906 679 960 ad
709 905 831 961 Alandri
858 905 969 973 fontes,
997 902 1084 960 tertio
1113 900 1154 956 ad
1185 900 1339 956 Brassium
1365 879 1441 972 posit

390 1023 496 1067 eastra.
546 1012 592 1067 lbi
619 1010 716 1085 plures
743 1011 803 1066 dies
832 1010 940 1066 stativa
965 1009 1080 1076 habuit,
1109 1005 1182 1080 quia
1206 1014 1375 1079 perventum
1393 1011 1455 1059 erat·

390 1116 427 1172 ad
450 1116 718 1189 Tolistobogiorum
740 1117 821 1171 fines.
1420 1119 1426 1142 ·-
1452 1101 1455 1130 ¹

297 1212 336 1283 lb
474 1222 513 1277 Hi
530 1221 619 1288 Galli,
642 1239 748 1295 magna
762 1220 910 1276 hominum
928 1218 981 1289 vis,
1002 1236 1053 1275 seu
1075 1216 1178 1291 inopia
1201 1216 1267 1290 agri
1288 1232 1336 1271 seu
1354 1212 1432 1287 prete

389 1344 455 1399 spe,
486 1326 594 1381 nullam
615 1337 744 1400 gentem,
767 1347 819 1401 per
842 1344 915 1399 quas
938 1323 1005 1380 ituri
1027 1332 1133 1391 essent,
1157 1338 1260 1395 parem
1285 1318 1367 1374 armis
1384 1314 1429 1384 rati,

359 1430 505 1486 2Brenno
534 1432 606 1487 duce
631 1431 659 1485 in
683 1432 854 1488 Dardanos.
868 1437 1070 1505 pervenerunt.
1119 1426 1166 1483 Ibi
1189 1424 1295 1481 seditio
1316 1434 1375 1479 orta
1390 1427 1428 1488 etit

388 1536 426 1591 ad
452 1536 553 1610 viginti
584 1535 673 1591 millia
699 1537 847 1593 hominum
877 1555 942 1591 cum
972 1532 1100 1591 Lonorio
1133 1550 1168 1586 ac
1191 1530 1313 1587 Lutario
1340 1526 1426 1603 regalia

358 1642 549 1698 Successione
571 1641 649 1697 facta
672 1661 690 1697 a
713 1642 845 1710 Brenno,
869 1641 898 1695 in
921 1639 1079 1696 Thraciam
1102 1637 1158 1693 iter
1180 1644 1352 1692 averterunt.
1386 1629 1425 1691 Uli

388 1764 451 1801 cum
475 1746 672 1802 resistentibus
695 1747 867 1821 pugnando,
893 1765 995 1820 pacem
1021 1743 1186 1818 petentibus
1209 1740 1373 1815 stipendium
1388 1737 1424 1793 io

388 1852 522 1924 ponendo
545 1842 718 1926 Byzantium
743 1870 829 1925 quum
853 1851 1060 1926 pervenissent,
1083 1847 1264 1921 aliquamdiu
1286 1864 1362 1901 oram
1373 1843 1424 1899 Prt-

387 1955 514 2030 pontidis
543 1956 700 2029 vectigales
732 1957 866 2013 habendo
896 1956 1022 2031 regionis
1053 1954 1114 2009 eius
1147 1954 1236 2009 urbes
1264 1951 1422 2007 obtinuerunt

357 2058 502 2133 lCupitlo
523 2061 589 2117 inde
612 2080 661 2117 eos
683 2062 712 2116 in
735 2062 837 2118 Asiam
861 2060 1038 2126 transeundi,
1062 2058 1213 2114 audientes
1233 2077 1269 2114 ex
1284 2056 1422 2132 propinqua

388 2177 498 2239 quanta
521 2168 638 2223 ubertas
661 2168 722 2222 eius
744 2177 827 2222 terrae
849 2176 939 2233 esset,
968 2166 1044 2239 cepit
1071 2174 1112 2229 et,
1142 2162 1329 2238 Lysimachia
1350 2155 1422 2216 herb

387 2282 475 2344 capta
500 2270 740 2345 Chersonesoque
769 2270 846 2326 omni
876 2271 964 2327 armis
992 2288 1143 2345 possessa,
1174 2270 1214 2325 ad
1236 2267 1422 2340 Hellespontum

357 2382 373 2434 5
388 2376 605 2432 descenderunt.
642 2377 687 2432 lbi
703 2396 772 2433 vero
788 2375 894 2448 exiguo
910 2376 1032 2431 divisam
1055 2375 1131 2431 freto
1155 2374 1335 2431 cernentibus
1349 2369 1419 2427 Atia!

389 2482 479 2538 multo
511 2482 605 2554 magis
633 2483 719 2538 animi
751 2481 787 2537 ad
816 2483 1022 2538 transeundum
1051 2480 1181 2548 accensi,
1216 2469 1417 2552 nuntiosquetd

388 2589 574 2661 Antipatrum
595 2588 760 2662 praefectum
778 2591 838 2645 eius
854 2608 912 2645 orae
928 2590 962 2644 de
978 2588 1099 2644 transitu
1121 2587 1283 2643 mittebant.
1319 2583 1416 2656 Quam

388 2712 474 2766 quum
504 2693 608 2748 lentius
636 2713 687 2767 spe
717 2694 845 2766 ipsorum
868 2695 1045 2759 traheretur,
1077 2691 1136 2747 alia
1157 2710 1258 2747 rursus
1281 2687 1417 2746 novabttt

356 2805 374 2857 6
386 2797 502 2869 regulos
515 2797 617 2852 seditio
630 2807 694 2852 orta
707 2806 757 2852 est.
781 2799 926 2855 Lonorius
935 2809 1021 2861 retro,
1035 2798 1110 2852 unde
1124 2805 1254 2859 venerat,
1267 2814 1329 2850 cum
1340 2790 1415 2848 maian
1449 2832 1455 2854 ,-

385 2910 469 2974 parte
490 2901 639 2956 hominum
663 2901 766 2975 repetit
789 2903 978 2977 Byzantiunu
1006 2902 1145 2959 Lutarius
1168 2900 1367 2957 Macedonibus
1382 2908 1414 2969 pff

385 3006 509 3079 speciem
534 3006 687 3080 legationis
715 3008 752 3063 ab
776 3010 933 3081 Antipatro
961 3010 998 3064 ad
1025 3006 1235 3082 speculandum
1262 3006 1349 3062 missis
1366 3001 1412 3057 luit
1453 3032 1455 3044 =

386 3119 476 3167 tectas
499 3130 588 3166 naves
611 3124 639 3167 et
659 3122 717 3167 tres
739 3112 851 3168 lembos
876 3114 986 3172 adimit.
1023 3114 1064 3169 lis
1087 3111 1161 3167 alios
1185 3123 1274 3185 atque
1295 3110 1359 3166 alios
1374 3102 1412 3159 diet

385 3225 543 3288 noctesque
560 3218 747 3285 travehendm
770 3218 845 3273 intra
867 3237 976 3291 paucos
1000 3218 1060 3273 dies
1083 3236 1185 3272 omues
1207 3217 1307 3291 copias
1328 3207 1410 3270 osted
1447 3264 1449 3272 .

355 3319 473 3376 7Haud
495 3322 537 3377 ita
559 3322 648 3377 multo
670 3332 737 3396 post
761 3324 918 3389 Lonorius,
947 3323 1103 3378 adiuvante
1124 3322 1287 3378 Nicomede
1308 3312 1411 3390 Bitunia
1446 3310 1449 3317 ¹

354 3423 461 3498 8rege‚
478 3445 495 3480 a
512 3427 653 3500 Byzantio
669 3427 836 3484 transmisit.
866 3425 978 3482 Coeunt
995 3427 1097 3483 deinde
1112 3427 1140 3482 in
1153 3446 1242 3483 unum
1255 3414 1410 3481 rumusculi

384 3543 413 3587 et
435 3532 544 3587 auxilia
565 3532 718 3588 Nicomedi
741 3532 810 3587 dant
837 3531 976 3586 adversus
994 3531 1148 3593 Ziboetam,
1171 3540 1314 3587 tenentem
1334 3533 1409 3602 partun

354 3634 536 3709 9Bithyniae,
560 3636 670 3709 gerenti
686 3635 806 3701 bellum;
828 3645 916 3708 atque
939 3656 1036 3692 eorum
1062 3636 1190 3692 maxime
1212 3655 1303 3710 opera
1319 3631 1410 3690 device
1449 3628 1451 3633 ’

384 3742 497 3796 Ziboeta
512 3752 564 3806 est,
587 3741 782 3815 Bithyniaque
803 3742 896 3796 omnis
911 3742 940 3796 in
956 3742 1096 3797 dicionem
1112 3741 1285 3797 Nicomedis
1299 3729 1409 3795 conceal&
1450 3770 1455 3786 =

384 3845 514 3901 Profecti
541 3866 576 3902 ex
603 3846 740 3919 Bithynia
767 3846 796 3900 in
824 3847 929 3902 Asiam
958 3857 1171 3920 processerunt.
1219 3847 1289 3902 Non
1316 3842 1369 3917 plue
1387 3848 1409 3890 et
1453 3859 1455 3910 j

335 3950 485 4023 ltlviginti
517 3951 640 4006 millibus
671 3950 817 4006 hominum
844 3970 930 4024 quam
956 3951 1053 4006 decem
1079 3959 1194 4006 armata
1223 3958 1319 4018 erant3
1344 3954 1408 4001 tant·
1450 3964 1455 3981 ··

383 4065 494 4110 tantum
517 4056 634 4111 terroris
658 4057 805 4124 omnibm,
834 4075 898 4128 quae
927 4056 967 4111 cis
990 4057 1120 4112 Taurum
1144 4055 1287 4122 incolunt,
1313 4047 1407 4127 gentile

382 4160 554 4228 iniecerunt,
581 4171 628 4227 ut,
659 4180 731 4234 quas
760 4161 888 4216 adissent
916 4179 1047 4233 quasque
1077 4180 1135 4216 non
1164 4161 1306 4226 adissent,
1334 4151 1408 4230 pariitr

333 4269 366 4323 ll
383 4265 488 4321 ultimae
519 4265 703 4339 propinqum,
732 4266 853 4339 imperio
884 4275 1026 4340 parerent.
1074 4266 1245 4336 Postrem0‚
1269 4281 1348 4339 quum
1371 4266 1407 4312 Ν
1450 4262 1455 4269 ’
