3484 5025
497 482 533 537 ιε
613 455 616 464 ’
755 478 833 529 arua
844 478 971 529 xxxvl.
1006 478 1053 543 (a.
1068 494 1094 528 u.
1108 492 1131 529 ο.
1146 478 1223 543 aaa.)
1306 443 1309 448 ’

453 673 592 739 quantum
621 662 740 721 interest
769 664 806 720 ad
833 663 966 720 timorem
995 663 1222 734 ostendendum,
1253 681 1292 721 an
1320 664 1396 721 muris
1417 662 1466 722 urbb
1498 734 1500 739 ,

404 776 439 832 12
453 769 574 827 alicuius
605 769 793 827 obsidendum
823 788 887 826 sese
914 767 1083 827 incluserit?
1136 768 1195 828 Sed
1225 788 1317 845 neque
1341 768 1467 827 Antiodus

453 877 611 932 tuebuntur
641 874 782 948 angustiae
808 891 861 929 nec
888 874 1008 933 AEtolos
1038 874 1161 931 vertices
1188 874 1246 944 illi,
1274 893 1346 949 quos
1369 881 1468 949 cepam

453 979 531 1037 Satis
553 978 680 1052 undique
701 978 850 1053 provisum
868 987 956 1052 atque
975 990 1152 1054 praecautum
1170 989 1224 1052 est,
1246 999 1283 1037 ne
1299 980 1365 1055 quid
1375 980 1468 1037 adversa

404 1095 438 1151 13
453 1104 505 1142 vos
538 1086 567 1141 in
595 1103 693 1159 pugna
722 1094 827 1159 praeter
853 1084 952 1140 hostes
981 1094 1066 1143 esset.
1122 1086 1201 1143 Illud
1232 1105 1388 1161 proponere
1408 1084 1468 1142 auint

451 1202 549 1248 vestro
569 1190 695 1260 debetis,
725 1208 783 1246 non
804 1207 858 1246 vos
880 1208 934 1263 pro
957 1188 1079 1247 Graeciae
1100 1192 1235 1250 libertate
1253 1202 1361 1249 tantum
1378 1190 1469 1276 dinicqt

452 1297 630 1370 (quanquam
646 1295 671 1350 is
687 1313 803 1369 quoque
820 1295 953 1369 egregius
969 1294 1068 1354 titulus
1080 1308 1165 1367 esset,
1183 1298 1336 1356 liberatam
1353 1296 1468 1370 aPhilipp

452 1411 519 1458 ante
536 1419 613 1457 nunc
628 1401 666 1456 ab
682 1399 792 1456 AEtolis
808 1409 835 1456 at
852 1402 890 1457 ab
909 1400 1057 1458 Antiocho
1074 1402 1221 1476 liberare),
1242 1423 1336 1479 neque
1354 1421 1385 1460 ea
1412 1426 1458 1451 on

450 1507 479 1562 in
500 1506 650 1582 praemium
672 1513 801 1561 vestrum
824 1524 957 1577 cessura,
980 1526 1044 1581 quae
1065 1528 1142 1567 nuno
1163 1514 1192 1568 in
1213 1510 1302 1586 regiis
1322 1508 1410 1567 castris
1429 1529 1470 1571 m

403 1612 501 1679 14sed
523 1611 604 1667 illum
627 1630 742 1685 quoque
765 1629 878 1667 omnem
899 1623 1094 1687 apparatum,
1126 1614 1175 1688 qui
1206 1614 1236 1671 in
1259 1613 1320 1672 dies
1343 1615 1377 1671 ab
1393 1613 1470 1670 Ero

452 1725 646 1792 exspectatur,
666 1717 771 1790 praedae
788 1716 932 1787 futurum;
954 1719 1058 1776 Asiam
1074 1719 1179 1777 deinde
1190 1720 1365 1797 Syriamque
1376 1711 1469 1775 etc'tw

451 1839 543 1895 usque
561 1822 599 1877 ad
619 1831 714 1878 ortum
734 1822 804 1879 solis
822 1823 1066 1898 ditissimarcgua
1077 1824 1213 1880 Romano
1225 1825 1347 1901 imperio
1358 1844 1399 1899 ap
1421 1844 1450 1869 n

402 1940 438 1995 15
452 1925 528 1999 Quid
551 1926 654 1983 deinde
677 1928 780 1998 aberit,
808 1928 877 2003 quin
901 1930 938 1986 ab
952 1928 1086 1987 Gadibus
1105 1930 1143 1986 ad
1157 1949 1239 1987 mare
1255 1933 1381 1989 Rubrum
1399 1934 1448 1980 ta·

451 2031 522 2086 fines
544 2031 745 2102 terminemus,
768 2033 816 2106 qui
839 2035 939 2090 orbem
963 2043 1105 2091 terrarum
1128 2036 1266 2110 amplexu
1290 2037 1363 2104 unit,
1381 2043 1404 2092 ct
1424 2056 1449 2079 ω’

449 2135 606 2192 humanum
629 2154 720 2211 genus
742 2139 899 2195 secundum
929 2140 999 2196 deos
1027 2158 1134 2198 nomen
1155 2142 1323 2199 Romanum
1348 2146 1466 2197 venerem

401 2240 485 2302 161n
507 2242 569 2299 baec
591 2251 673 2299 tanta
694 2244 814 2318 praemia
835 2245 940 2319 dignos
962 2255 1065 2319 parate
1087 2244 1217 2317 animos,
1251 2257 1284 2304 ut
1310 2246 1419 2304 crastim

450 2348 523 2404 bene
544 2348 711 2404 iuvantibus
734 2349 798 2418 diis,
823 2349 886 2406 acie
911 2351 1128 2407 decernamus.“

357 2447 396 2521 18
533 2454 584 2511 Ab
623 2454 678 2512 hac
718 2454 851 2512 contione
884 2455 995 2512 dimissi
1031 2455 1153 2525 milites,
1188 2457 1357 2533 priusquam
1390 2472 1417 2512 co
1433 2475 1467 2509 iu,

450 2569 594 2630 curarent,
618 2579 701 2616 arma
720 2570 748 2616 et
767 2561 825 2623 tela
843 2570 957 2634 parant.
1006 2562 1085 2618 Luce
1106 2563 1202 2638 prima
1223 2563 1307 2638 signo
1329 2577 1443 2638 pugnap

451 2666 546 2740 posito
579 2666 694 2722 instruit
728 2665 819 2721 aciem
855 2666 973 2737 consul,
1009 2675 1073 2722 arta
1105 2665 1218 2737 fronte,
1242 2643 1294 2723 ⁴ad
1326 2677 1460 2738 naturum

419 2771 602 2844 2angustias
627 2771 692 2826 loci.
751 2772 817 2827 Rex
841 2780 998 2845 postquam
1026 2771 1110 2846 signa
1137 2763 1279 2831 hostium
1294 2769 1436 2846 conspexit,
1458 2804 1460 2806 -

448 2875 512 2949 ipsc
538 2875 638 2950 copias
664 2875 768 2932 educit.
815 2876 903 2932 Levis
931 2886 1087 2933 armaturas
1114 2887 1229 2951 partem
1258 2886 1327 2934 ante
1354 2865 1459 2933 valluu'

449 2981 543 3054 primo
575 2980 696 3050 locavit;
740 2987 801 3036 tum
834 2981 1028 3038 Macedonum
1062 2984 1167 3052 robur,
1213 3001 1288 3056 quos
1319 2978 1458 3054 sarisoplt

450 3086 646 3160 appellabant,
664 3085 743 3141 velut
758 3087 971 3144 firmamentum
987 3089 1064 3146 circa
1079 3088 1158 3163 ipsas
1175 3065 1349 3171 munitiones
1363 3102 1455 3142 consu

419 3193 436 3248 3
449 3192 505 3248 His
517 3193 554 3248 ab
567 3192 683 3249 sinistro
694 3209 784 3246 cornu
796 3190 987 3249 iaculatorum
1004 3193 1282 3268 sagittariorumque
1300 3203 1328 3251 et
1342 3190 1435 3249 fundite
1449 3205 1457 3229 r

449 3316 566 3353 manum
582 3298 636 3353 sub
651 3296 721 3371 ipsis
739 3296 885 3352 radicibus
902 3298 1008 3355 montis
1026 3298 1131 3373 posuit,
1146 3307 1178 3353 ut
1193 3316 1231 3353 ex
1246 3298 1350 3355 altiore
1364 3297 1457 3353 locon

419 3403 542 3458 llatera
563 3401 689 3457 hostium
711 3401 896 3458 incesserent.
940 3405 990 3460 Ab
1013 3403 1117 3460 dextro
1133 3403 1346 3479 Macedonibus
1365 3402 1399 3459 ad
1416 3417 1458 3454 usu

450 3507 692 3563 munimentorum
714 3507 816 3575 finem,
844 3525 903 3579 qua
925 3508 991 3563 loca
1014 3527 1105 3582 usque
1135 3507 1171 3563 ad
1195 3527 1278 3564 mare
1300 3509 1377 3565 invia
1394 3503 1468 3582 palm>

448 3611 518 3667 limo
542 3620 570 3667 et
592 3610 780 3685 voraginibus
803 3612 949 3682 claudunt,
973 3614 1142 3687 elephantos
1166 3631 1231 3669 eum
1254 3624 1369 3670 assueto
1384 3632 1401 3687 p
1418 3629 1458 3659 :ar

450 3716 555 3790 posuit,
576 3727 644 3790 post
666 3735 716 3772 cos
741 3717 861 3790 equites,
883 3727 953 3786 tum,
976 3718 1090 3775 modico
1108 3717 1262 3775 intervallo
1279 3719 1387 3789 relicto,
1404 3725 1448 3773 cata

419 3821 549 3895 bcopias
577 3819 606 3874 iu
634 3821 762 3875 secunda
790 3821 861 3877 acie.
910 3823 1088 3879 Macedones
1118 3841 1171 3896 pro
1199 3823 1279 3879 vallo
1310 3823 1393 3882 locati

448 3925 534 3982 facile
556 3925 737 3982 sustinebant
758 3927 926 3996 Romanos,
958 3936 1102 3984 tentantes
1134 3928 1171 3985 ab
1200 3930 1281 3986 omni
1310 3941 1391 4005 parte
1414 3951 1462 3975 τ·“

450 4030 571 4086 multum
604 4029 826 4100 adiuvantibus,
863 4033 913 4105 qui
950 4052 987 4089 ex
1025 4033 1090 4088 loco
1128 4033 1279 4107 superiore
1315 4033 1405 4090 fundis

449 4137 578 4193 nimbum
615 4135 736 4209 glandes
778 4144 805 4190 et
843 4136 966 4211 sagittas
1007 4136 1092 4193 simul
1136 4151 1188 4194 ac·
1209 4137 1306 4194 iacula
1342 4139 1460 4212 ingere

420 4241 574 4309 6Deinde,
596 4249 628 4295 ut
650 4239 743 4295 maior
765 4258 817 4297 nec
838 4241 897 4297 iam
921 4241 1073 4298 toleranda
1095 4241 1139 4297 vis
1163 4242 1291 4299 hostium
1315 4242 1440 4300 inferebat
1453 4248 1479 4301 lb
