<?xml version="1.0" encoding="UTF-8"?>
<!DOCTYPE html PUBLIC "-//W3C//DTD XHTML 1.0 Transitional//EN"
    "http://www.w3.org/TR/xhtml1/DTD/xhtml1-transitional.dtd">
<html xmlns="http://www.w3.org/1999/xhtml" xml:lang="en" lang="en">
 <head>
  <title>
</title>
<meta http-equiv="Content-Type" content="text/html;charset=utf-8" />
  <meta name='ocr-system' content='tesseract 3.04.00' />
  <meta name='ocr-capabilities' content='ocr_page ocr_carea ocr_par ocr_line ocrx_word'/>
</head>
<body>
  <div class='ocr_page' id='page_1' title='image "./titiliviihistor00ussigoog_0491.png"; bbox 0 0 3484 5025; ppageno 0'>
   <div class='ocr_carea' id='block_1_1' title="bbox 539 468 1386 603">
    <p class='ocr_par' dir='ltr' id='par_1_1' title="bbox 539 468 1386 603">
     <span class='ocr_line' id='line_1_1' title="bbox 539 468 1386 603; baseline 0.013 -39"><span class='ocrx_word' id='word_1_1' title='bbox 539 468 544 473; x_wconf 40' lang='grc'><strong>”</strong></span> <span class='ocrx_word' id='word_1_2' title='bbox 626 515 841 569; x_wconf 71' lang='lat' dir='ltr'>ntmrxxxrx.</span> <span class='ocrx_word' id='word_1_3' title='bbox 859 514 1067 582; x_wconf 65' lang='lat' dir='ltr'>(sonares.)</span> <span class='ocrx_word' id='word_1_4' title='bbox 1131 585 1141 603; x_wconf 37' lang='grc' dir='ltr'><em>Ι</em></span> <span class='ocrx_word' id='word_1_5' title='bbox 1271 497 1330 574; x_wconf 72' lang='lat' dir='ltr'>iot</span> <span class='ocrx_word' id='word_1_6' title='bbox 1385 468 1386 471; x_wconf 8' lang='grc' dir='ltr'><strong>Ἴ</strong></span> 
     </span>
    </p>
   </div>
   <div class='ocr_carea' id='block_1_2' title="bbox 274 680 1528 4378">
    <p class='ocr_par' dir='ltr' id='par_1_2' title="bbox 274 680 1528 4378">
     <span class='ocr_line' id='line_1_2' title="bbox 309 680 1372 778; baseline 0.001 -21"><span class='ocrx_word' id='word_1_7' title='bbox 309 680 542 775; x_wconf 78' lang='lat' dir='ltr'>Philopoemenis</span> <span class='ocrx_word' id='word_1_8' title='bbox 563 708 640 770; x_wconf 87' lang='lat' dir='ltr'>suut,</span> <span class='ocrx_word' id='word_1_9' title='bbox 663 711 693 759; x_wconf 89' lang='lat' dir='ltr'>et</span> <span class='ocrx_word' id='word_1_10' title='bbox 713 701 841 778; x_wconf 84' lang='lat' dir='ltr'>sepultus</span> <span class='ocrx_word' id='word_1_11' title='bbox 866 704 904 760; x_wconf 85' lang='lat' dir='ltr'>ab</span> <span class='ocrx_word' id='word_1_12' title='bbox 927 702 1061 760; x_wconf 84' lang='lat' dir='ltr'>universo</span> <span class='ocrx_word' id='word_1_13' title='bbox 1084 700 1217 761; x_wconf 85' lang='lat' dir='ltr'>Achaico</span> <span class='ocrx_word' id='word_1_14' title='bbox 1238 711 1283 758; x_wconf 88' lang='lat' dir='ltr'>est</span> <span class='ocrx_word' id='word_1_15' title='bbox 1303 718 1372 758; x_wconf 90' lang='lat' dir='ltr'>con·</span> 
     </span>
     <span class='ocr_line' id='line_1_3' title="bbox 306 805 1372 884; baseline 0 -21"><span class='ocrx_word' id='word_1_16' title='bbox 306 805 387 874; x_wconf 88' lang='lat' dir='ltr'>cilio,</span> <span class='ocrx_word' id='word_1_17' title='bbox 410 806 486 864; x_wconf 87' lang='lat' dir='ltr'>adeo</span> <span class='ocrx_word' id='word_1_18' title='bbox 505 807 638 864; x_wconf 89' lang='lat' dir='ltr'>omnibus</span> <span class='ocrx_word' id='word_1_19' title='bbox 658 808 793 865; x_wconf 92' lang='lat' dir='ltr'>humanis</span> <span class='ocrx_word' id='word_1_20' title='bbox 812 809 957 884; x_wconf 80' lang='lat' dir='ltr'><strong>congestis</strong></span> <span class='ocrx_word' id='word_1_21' title='bbox 978 807 1146 877; x_wconf 81' lang='lat' dir='ltr'>honoribus,</span> <span class='ocrx_word' id='word_1_22' title='bbox 1167 816 1200 863; x_wconf 88' lang='lat' dir='ltr'>ut</span> <span class='ocrx_word' id='word_1_23' title='bbox 1217 825 1254 864; x_wconf 90' lang='lat' dir='ltr'>ne</span> <span class='ocrx_word' id='word_1_24' title='bbox 1268 805 1372 863; x_wconf 84' lang='lat' dir='ltr'>divinis</span> 
     </span>
     <span class='ocr_line' id='line_1_4' title="bbox 285 911 1423 990; baseline 0.002 -21"><span class='ocrx_word' id='word_1_25' title='bbox 285 912 429 987; x_wconf 50' lang='lat' dir='ltr'>*quidem</span> <span class='ocrx_word' id='word_1_26' title='bbox 439 911 654 973; x_wconf 82' lang='lat' dir='ltr'>abstineretur.</span> <span class='ocrx_word' id='word_1_27' title='bbox 701 914 751 972; x_wconf 83' lang='lat' dir='ltr'>Ab</span> <span class='ocrx_word' id='word_1_28' title='bbox 781 914 971 990; x_wconf 80' lang='lat' dir='ltr'>scriptoribus</span> <span class='ocrx_word' id='word_1_29' title='bbox 991 932 1089 971; x_wconf 89' lang='lat' dir='ltr'>rerum</span> <span class='ocrx_word' id='word_1_30' title='bbox 1110 911 1222 972; x_wconf 78' lang='lat' dir='ltr'>Gracia</span> <span class='ocrx_word' id='word_1_31' title='bbox 1244 911 1372 969; x_wconf 86' lang='lat' dir='ltr'>Latinis·</span> <span class='ocrx_word' id='word_1_32' title='bbox 1389 917 1423 971; x_wconf 84' lang='lat' dir='ltr'>lt)</span> 
     </span>
     <span class='ocr_line' id='line_1_5' title="bbox 305 1017 1372 1109; baseline -0.002 -34"><span class='ocrx_word' id='word_1_33' title='bbox 305 1036 366 1093; x_wconf 88' lang='lat' dir='ltr'>que</span> <span class='ocrx_word' id='word_1_34' title='bbox 387 1026 502 1076; x_wconf 86' lang='lat' dir='ltr'>tantum</span> <span class='ocrx_word' id='word_1_35' title='bbox 523 1017 591 1076; x_wconf 89' lang='lat' dir='ltr'>huic</span> <span class='ocrx_word' id='word_1_36' title='bbox 612 1018 675 1075; x_wconf 88' lang='lat' dir='ltr'>viro</span> <span class='ocrx_word' id='word_1_37' title='bbox 697 1019 846 1091; x_wconf 79' lang='lat' dir='ltr'><strong>tribuitur,</strong></span> <span class='ocrx_word' id='word_1_38' title='bbox 880 1031 912 1109; x_wconf 73' lang='lat' dir='ltr'>pt</span> <span class='ocrx_word' id='word_1_39' title='bbox 932 1040 951 1078; x_wconf 90' lang='lat' dir='ltr'>a</span> <span class='ocrx_word' id='word_1_40' title='bbox 973 1019 1144 1095; x_wconf 89' lang='lat' dir='ltr'>quibusdam</span> <span class='ocrx_word' id='word_1_41' title='bbox 1166 1021 1266 1075; x_wconf 89' lang='lat' dir='ltr'>eoru&#39;m</span> <span class='ocrx_word' id='word_1_42' title='bbox 1293 1017 1372 1074; x_wconf 91' lang='lat' dir='ltr'>velut</span> 
     </span>
     <span class='ocr_line' id='line_1_6' title="bbox 304 1123 1370 1201; baseline -0.002 -20"><span class='ocrx_word' id='word_1_43' title='bbox 304 1124 345 1181; x_wconf 86' lang='lat' dir='ltr'>ad</span> <span class='ocrx_word' id='word_1_44' title='bbox 367 1124 512 1201; x_wconf 78' lang='lat' dir='ltr'>insignem</span> <span class='ocrx_word' id='word_1_45' title='bbox 532 1133 631 1182; x_wconf 86' lang='lat' dir='ltr'>notam</span> <span class='ocrx_word' id='word_1_46' title='bbox 652 1126 737 1183; x_wconf 89' lang='lat' dir='ltr'>huius</span> <span class='ocrx_word' id='word_1_47' title='bbox 770 1126 837 1183; x_wconf 89' lang='lat' dir='ltr'>anni</span> <span class='ocrx_word' id='word_1_48' title='bbox 866 1126 1012 1186; x_wconf 80' lang='lat' dir='ltr'>memoria</span> <span class='ocrx_word' id='word_1_49' title='bbox 1036 1126 1205 1182; x_wconf 83' lang='lat' dir='ltr'>mandatum</span> <span class='ocrx_word' id='word_1_50' title='bbox 1226 1123 1280 1193; x_wconf 86' lang='lat' dir='ltr'>eit,</span> <span class='ocrx_word' id='word_1_51' title='bbox 1312 1132 1370 1179; x_wconf 84' lang='lat' dir='ltr'>tres</span> 
     </span>
     <span class='ocr_line' id='line_1_7' title="bbox 303 1228 1369 1306; baseline -0.004 -17"><span class='ocrx_word' id='word_1_52' title='bbox 303 1230 405 1289; x_wconf 86' lang='lat' dir='ltr'>claros</span> <span class='ocrx_word' id='word_1_53' title='bbox 425 1230 617 1306; x_wconf 87' lang='lat' dir='ltr'>imperatores</span> <span class='ocrx_word' id='word_1_54' title='bbox 636 1249 671 1288; x_wconf 87' lang='lat' dir='ltr'>eo</span> <span class='ocrx_word' id='word_1_55' title='bbox 693 1249 770 1288; x_wconf 91' lang='lat' dir='ltr'>anno</span> <span class='ocrx_word' id='word_1_56' title='bbox 791 1231 960 1301; x_wconf 86' lang='lat' dir='ltr'>decessisse,</span> <span class='ocrx_word' id='word_1_57' title='bbox 983 1230 1241 1306; x_wconf 75' lang='lat' dir='ltr'>Philopoemenem,</span> <span class='ocrx_word' id='word_1_58' title='bbox 1256 1228 1369 1286; x_wconf 90' lang='lat' dir='ltr'>Hanni·</span> 
     </span>
     <span class='ocr_line' id='line_1_8' title="bbox 303 1334 1528 1412; baseline -0.004 -18"><span class='ocrx_word' id='word_1_59' title='bbox 303 1336 421 1406; x_wconf 87' lang='lat' dir='ltr'>halem,</span> <span class='ocrx_word' id='word_1_60' title='bbox 449 1336 486 1393; x_wconf 89' lang='lat' dir='ltr'>P.</span> <span class='ocrx_word' id='word_1_61' title='bbox 508 1334 686 1411; x_wconf 68' lang='lat' dir='ltr'>Scipionem</span> <span class='ocrx_word' id='word_1_62' title='bbox 714 1338 787 1395; x_wconf 85' lang='lat' dir='ltr'>adeo</span> <span class='ocrx_word' id='word_1_63' title='bbox 813 1337 844 1394; x_wconf 91' lang='lat' dir='ltr'>in</span> <span class='ocrx_word' id='word_1_64' title='bbox 864 1356 949 1412; x_wconf 76' lang='lat' dir='ltr'>aquo</span> <span class='ocrx_word' id='word_1_65' title='bbox 971 1355 1037 1395; x_wconf 89' lang='lat' dir='ltr'>eum</span> <span class='ocrx_word' id='word_1_66' title='bbox 1059 1337 1182 1394; x_wconf 84' lang='lat' dir='ltr'>duarum</span> <span class='ocrx_word' id='word_1_67' title='bbox 1204 1334 1368 1411; x_wconf 87' lang='lat' dir='ltr'>potentissi·</span> <span class='ocrx_word' id='word_1_68' title='bbox 1384 1334 1417 1389; x_wconf 85' lang='lat'>11</span> <span class='ocrx_word' id='word_1_69' title='bbox 1525 1376 1528 1379; x_wconf 57' lang='grc'><strong>»</strong></span> 
     </span>
     <span class='ocr_line' id='line_1_9' title="bbox 301 1434 1148 1519; baseline -0.001 -19"><span class='ocrx_word' id='word_1_70' title='bbox 301 1461 420 1500; x_wconf 87' lang='lat' dir='ltr'>marum</span> <span class='ocrx_word' id='word_1_71' title='bbox 442 1442 571 1518; x_wconf 86' lang='lat' dir='ltr'>gentium</span> <span class='ocrx_word' id='word_1_72' title='bbox 594 1434 713 1500; x_wconf 78' lang='lat' dir='ltr'>summis</span> <span class='ocrx_word' id='word_1_73' title='bbox 733 1443 956 1518; x_wconf 77' lang='lat' dir='ltr'>imperatoribus</span> <span class='ocrx_word' id='word_1_74' title='bbox 980 1451 1148 1519; x_wconf 88' lang='lat' dir='ltr'>posuerunt.</span> 
     </span>
     <span class='ocr_line' id='line_1_10' title="bbox 390 1536 1460 1625; baseline 0.003 -19"><span class='ocrx_word' id='word_1_75' title='bbox 390 1548 441 1606; x_wconf 85' lang='lat' dir='ltr'>Ad</span> <span class='ocrx_word' id='word_1_76' title='bbox 462 1548 598 1606; x_wconf 82' lang='lat' dir='ltr'>Prusiam</span> <span class='ocrx_word' id='word_1_77' title='bbox 620 1567 718 1625; x_wconf 84' lang='lat' dir='ltr'>regem</span> <span class='ocrx_word' id='word_1_78' title='bbox 747 1548 860 1624; x_wconf 84' lang='lat' dir='ltr'>legatus</span> <span class='ocrx_word' id='word_1_79' title='bbox 882 1550 919 1607; x_wconf 89' lang='grc' dir='ltr'>Τ.</span> <span class='ocrx_word' id='word_1_80' title='bbox 943 1547 1093 1622; x_wconf 78' lang='lat' dir='ltr'>Quinctius</span> <span class='ocrx_word' id='word_1_81' title='bbox 1114 1545 1296 1605; x_wconf 82' lang='lat' dir='ltr'>Flamininus</span> <span class='ocrx_word' id='word_1_82' title='bbox 1318 1563 1367 1603; x_wconf 90' lang='lat' dir='ltr'>ve·</span> <span class='ocrx_word' id='word_1_83' title='bbox 1421 1536 1460 1608; x_wconf 79' lang='grc'>51</span> 
     </span>
     <span class='ocr_line' id='line_1_11' title="bbox 300 1652 1379 1730; baseline 0 -21"><span class='ocrx_word' id='word_1_84' title='bbox 300 1653 357 1722; x_wconf 88' lang='lat' dir='ltr'>nit,</span> <span class='ocrx_word' id='word_1_85' title='bbox 386 1672 472 1727; x_wconf 87' lang='lat' dir='ltr'>qoem</span> <span class='ocrx_word' id='word_1_86' title='bbox 501 1663 667 1728; x_wconf 87' lang='lat' dir='ltr'>suspectum</span> <span class='ocrx_word' id='word_1_87' title='bbox 696 1655 837 1713; x_wconf 86' lang='lat' dir='ltr'>Romanis</span> <span class='ocrx_word' id='word_1_88' title='bbox 863 1664 892 1712; x_wconf 89' lang='lat' dir='ltr'>et</span> <span class='ocrx_word' id='word_1_89' title='bbox 921 1664 1055 1730; x_wconf 88' lang='lat' dir='ltr'>receptus</span> <span class='ocrx_word' id='word_1_90' title='bbox 1082 1663 1150 1730; x_wconf 86' lang='lat' dir='ltr'>post</span> <span class='ocrx_word' id='word_1_91' title='bbox 1176 1652 1275 1729; x_wconf 85' lang='lat' dir='ltr'>fugam</span> <span class='ocrx_word' id='word_1_92' title='bbox 1303 1654 1379 1710; x_wconf 57' lang='lat' dir='ltr'>An:</span> 
     </span>
     <span class='ocr_line' id='line_1_12' title="bbox 275 1756 1366 1831; baseline -0.001 -14"><span class='ocrx_word' id='word_1_93' title='bbox 275 1758 395 1817; x_wconf 89' lang='lat' dir='ltr'>.tiochi</span> <span class='ocrx_word' id='word_1_94' title='bbox 410 1758 561 1816; x_wconf 81' lang='lat' dir='ltr'>Hannibal</span> <span class='ocrx_word' id='word_1_95' title='bbox 582 1767 611 1817; x_wconf 89' lang='lat' dir='ltr'>et</span> <span class='ocrx_word' id='word_1_96' title='bbox 632 1756 739 1818; x_wconf 90' lang='lat' dir='ltr'>bellum</span> <span class='ocrx_word' id='word_1_97' title='bbox 760 1760 899 1817; x_wconf 88' lang='lat' dir='ltr'>adversus</span> <span class='ocrx_word' id='word_1_98' title='bbox 914 1761 1075 1831; x_wconf 84' lang='lat' dir='ltr'>Eumenem</span> <span class='ocrx_word' id='word_1_99' title='bbox 1098 1768 1208 1817; x_wconf 91' lang='lat' dir='ltr'>motum</span> <span class='ocrx_word' id='word_1_100' title='bbox 1231 1757 1366 1817; x_wconf 85' lang='lat' dir='ltr'>iaciebat.</span> 
     </span>
     <span class='ocr_line' id='line_1_13' title="bbox 299 1861 1397 1939; baseline -0.002 -17"><span class='ocrx_word' id='word_1_101' title='bbox 299 1863 350 1922; x_wconf 89' lang='lat' dir='ltr'>Ibi</span> <span class='ocrx_word' id='word_1_102' title='bbox 372 1882 424 1922; x_wconf 89' lang='lat' dir='ltr'>sen</span> <span class='ocrx_word' id='word_1_103' title='bbox 446 1864 515 1939; x_wconf 87' lang='lat' dir='ltr'>quia</span> <span class='ocrx_word' id='word_1_104' title='bbox 537 1882 556 1920; x_wconf 90' lang='lat' dir='ltr'>a</span> <span class='ocrx_word' id='word_1_105' title='bbox 576 1863 742 1923; x_wconf 80' lang='lat' dir='ltr'>Flaminino</span> <span class='ocrx_word' id='word_1_106' title='bbox 772 1867 846 1924; x_wconf 90' lang='lat' dir='ltr'>inter</span> <span class='ocrx_word' id='word_1_107' title='bbox 866 1876 962 1925; x_wconf 87' lang='lat' dir='ltr'>cetera</span> <span class='ocrx_word' id='word_1_108' title='bbox 993 1866 1138 1923; x_wconf 89' lang='lat' dir='ltr'>obiectum</span> <span class='ocrx_word' id='word_1_109' title='bbox 1161 1864 1273 1923; x_wconf 77' lang='lat' dir='ltr'>Prusia</span> <span class='ocrx_word' id='word_1_110' title='bbox 1295 1861 1397 1931; x_wconf 66' lang='lat' dir='ltr'>erati</span> 
     </span>
     <span class='ocr_line' id='line_1_14' title="bbox 298 1969 1366 2048; baseline -0.001 -20"><span class='ocrx_word' id='word_1_111' title='bbox 298 1970 452 2028; x_wconf 86' lang='lat' dir='ltr'>hominem</span> <span class='ocrx_word' id='word_1_112' title='bbox 475 1969 614 2041; x_wconf 91' lang='lat' dir='ltr'>omnium,</span> <span class='ocrx_word' id='word_1_113' title='bbox 636 1970 686 2045; x_wconf 86' lang='lat' dir='ltr'>qni</span> <span class='ocrx_word' id='word_1_114' title='bbox 699 1971 839 2039; x_wconf 83' lang='lat' dir='ltr'>viverent,</span> <span class='ocrx_word' id='word_1_115' title='bbox 859 1970 1076 2031; x_wconf 86' lang='lat' dir='ltr'>infestissimum</span> <span class='ocrx_word' id='word_1_116' title='bbox 1101 1970 1211 2048; x_wconf 90' lang='lat' dir='ltr'>populo</span> <span class='ocrx_word' id='word_1_117' title='bbox 1231 1971 1366 2028; x_wconf 87' lang='lat' dir='ltr'>Romano</span> 
     </span>
     <span class='ocr_line' id='line_1_15' title="bbox 299 2075 1366 2153; baseline 0.001 -21"><span class='ocrx_word' id='word_1_118' title='bbox 299 2076 383 2150; x_wconf 87' lang='lat' dir='ltr'>apud</span> <span class='ocrx_word' id='word_1_119' title='bbox 405 2094 472 2134; x_wconf 90' lang='lat' dir='ltr'>eum</span> <span class='ocrx_word' id='word_1_120' title='bbox 495 2092 568 2143; x_wconf 88' lang='lat' dir='ltr'>esse,</span> <span class='ocrx_word' id='word_1_121' title='bbox 592 2075 642 2149; x_wconf 90' lang='lat' dir='ltr'>qui</span> <span class='ocrx_word' id='word_1_122' title='bbox 665 2075 767 2151; x_wconf 79' lang='lat' dir='ltr'>patria</span> <span class='ocrx_word' id='word_1_123' title='bbox 788 2094 851 2135; x_wconf 81' lang='lat' dir='ltr'>suae</span> <span class='ocrx_word' id='word_1_124' title='bbox 870 2078 1005 2153; x_wconf 87' lang='lat' dir='ltr'>primum,</span> <span class='ocrx_word' id='word_1_125' title='bbox 1035 2077 1153 2146; x_wconf 85' lang='lat' dir='ltr'>deinde,</span> <span class='ocrx_word' id='word_1_126' title='bbox 1182 2076 1283 2134; x_wconf 86' lang='lat' dir='ltr'>fractis</span> <span class='ocrx_word' id='word_1_127' title='bbox 1305 2076 1366 2134; x_wconf 87' lang='lat' dir='ltr'>eius</span> 
     </span>
     <span class='ocr_line' id='line_1_16' title="bbox 298 2175 1364 2261; baseline 0.003 -24"><span class='ocrx_word' id='word_1_128' title='bbox 298 2180 419 2256; x_wconf 92' lang='lat' dir='ltr'>opibus,</span> <span class='ocrx_word' id='word_1_129' title='bbox 435 2181 583 2240; x_wconf 80' lang='lat' dir='ltr'>Antiocho</span> <span class='ocrx_word' id='word_1_130' title='bbox 604 2181 668 2257; x_wconf 84' lang='lat' dir='ltr'>regi</span> <span class='ocrx_word' id='word_1_131' title='bbox 689 2192 791 2240; x_wconf 90' lang='lat' dir='ltr'>auctor</span> <span class='ocrx_word' id='word_1_132' title='bbox 811 2184 879 2241; x_wconf 90' lang='lat' dir='ltr'>belli</span> <span class='ocrx_word' id='word_1_133' title='bbox 894 2175 1033 2242; x_wconf 80' lang='lat' dir='ltr'>adversus</span> <span class='ocrx_word' id='word_1_134' title='bbox 1047 2183 1186 2261; x_wconf 90' lang='lat' dir='ltr'>populum</span> <span class='ocrx_word' id='word_1_135' title='bbox 1200 2184 1364 2241; x_wconf 87' lang='lat' dir='ltr'>Romanum</span> 
     </span>
     <span class='ocr_line' id='line_1_17' title="bbox 295 2263 1458 2365; baseline 0.001 -24"><span class='ocrx_word' id='word_1_136' title='bbox 295 2263 420 2355; x_wconf 73' lang='lat' dir='ltr'>inisset,</span> <span class='ocrx_word' id='word_1_137' title='bbox 437 2302 489 2342; x_wconf 87' lang='lat' dir='ltr'>eeu</span> <span class='ocrx_word' id='word_1_138' title='bbox 511 2286 581 2362; x_wconf 88' lang='lat' dir='ltr'>qnia</span> <span class='ocrx_word' id='word_1_139' title='bbox 601 2288 664 2363; x_wconf 88' lang='lat' dir='ltr'>ipse</span> <span class='ocrx_word' id='word_1_140' title='bbox 685 2289 822 2355; x_wconf 84' lang='lat' dir='ltr'>Prusias,</span> <span class='ocrx_word' id='word_1_141' title='bbox 851 2298 883 2346; x_wconf 90' lang='lat' dir='ltr'>ut</span> <span class='ocrx_word' id='word_1_142' title='bbox 904 2291 1117 2364; x_wconf 83' lang='lat' dir='ltr'>gratificaretur</span> <span class='ocrx_word' id='word_1_143' title='bbox 1137 2289 1271 2365; x_wconf 77' lang='lat' dir='ltr'>prasenti</span> <span class='ocrx_word' id='word_1_144' title='bbox 1294 2285 1394 2347; x_wconf 79' lang='lat' dir='ltr'>Fla-3</span> <span class='ocrx_word' id='word_1_145' title='bbox 1456 2315 1458 2320; x_wconf 35' lang='lat' dir='ltr'>v</span> 
     </span>
     <span class='ocr_line' id='line_1_18' title="bbox 275 2389 1363 2486; baseline 0.006 -40"><span class='ocrx_word' id='word_1_146' title='bbox 275 2389 412 2486; x_wconf 34' lang='lat' dir='ltr'>‹ininino</span> <span class='ocrx_word' id='word_1_147' title='bbox 434 2391 651 2471; x_wconf 78' lang='lat' dir='ltr'>Romanisque,</span> <span class='ocrx_word' id='word_1_148' title='bbox 677 2413 730 2470; x_wconf 91' lang='lat' dir='ltr'>per</span> <span class='ocrx_word' id='word_1_149' title='bbox 753 2414 785 2452; x_wconf 93' lang='lat' dir='ltr'>se</span> <span class='ocrx_word' id='word_1_150' title='bbox 806 2396 929 2453; x_wconf 87' lang='lat' dir='ltr'>necandi</span> <span class='ocrx_word' id='word_1_151' title='bbox 955 2407 1004 2453; x_wconf 90' lang='lat' dir='ltr'>aut</span> <span class='ocrx_word' id='word_1_152' title='bbox 1029 2396 1161 2453; x_wconf 85' lang='lat' dir='ltr'>tradendi</span> <span class='ocrx_word' id='word_1_153' title='bbox 1183 2394 1243 2452; x_wconf 86' lang='lat' dir='ltr'>eine</span> <span class='ocrx_word' id='word_1_154' title='bbox 1261 2395 1290 2452; x_wconf 91' lang='lat' dir='ltr'>in</span> <span class='ocrx_word' id='word_1_155' title='bbox 1311 2415 1363 2470; x_wconf 92' lang='lat' dir='ltr'>po·</span> 
     </span>
     <span class='ocr_line' id='line_1_19' title="bbox 295 2499 1363 2578; baseline 0.006 -24"><span class='ocrx_word' id='word_1_156' title='bbox 295 2503 438 2555; x_wconf 87' lang='lat' dir='ltr'>testatem</span> <span class='ocrx_word' id='word_1_157' title='bbox 460 2499 611 2558; x_wconf 88' lang='lat' dir='ltr'>consilium</span> <span class='ocrx_word' id='word_1_158' title='bbox 633 2500 725 2578; x_wconf 90' lang='lat' dir='ltr'>cepit,</span> <span class='ocrx_word' id='word_1_159' title='bbox 752 2522 770 2559; x_wconf 93' lang='lat' dir='ltr'>a</span> <span class='ocrx_word' id='word_1_160' title='bbox 791 2502 886 2578; x_wconf 85' lang='lat' dir='ltr'>primo</span> <span class='ocrx_word' id='word_1_161' title='bbox 915 2501 1059 2577; x_wconf 90' lang='lat' dir='ltr'>colloquio</span> <span class='ocrx_word' id='word_1_162' title='bbox 1081 2500 1238 2560; x_wconf 86' lang='lat' dir='ltr'>Flaminini</span> <span class='ocrx_word' id='word_1_163' title='bbox 1260 2501 1363 2560; x_wconf 84' lang='lat' dir='ltr'>milites</span> 
     </span>
     <span class='ocr_line' id='line_1_20' title="bbox 275 2604 1393 2681; baseline 0.004 -19"><span class='ocrx_word' id='word_1_164' title='bbox 275 2630 278 2641; x_wconf 90' lang='lat'><em>·</em></span> <span class='ocrx_word' id='word_1_165' title='bbox 296 2604 449 2681; x_wconf 73' lang='lat' dir='ltr'>extemplo</span> <span class='ocrx_word' id='word_1_166' title='bbox 464 2605 502 2661; x_wconf 87' lang='lat' dir='ltr'>ad</span> <span class='ocrx_word' id='word_1_167' title='bbox 517 2606 635 2664; x_wconf 89' lang='lat' dir='ltr'>domum</span> <span class='ocrx_word' id='word_1_168' title='bbox 651 2607 825 2665; x_wconf 84' lang='lat' dir='ltr'>Hannibalis</span> <span class='ocrx_word' id='word_1_169' title='bbox 840 2608 1056 2666; x_wconf 84' lang='lat' dir='ltr'>custodiendam</span> <span class='ocrx_word' id='word_1_170' title='bbox 1072 2608 1241 2666; x_wconf 89' lang='lat' dir='ltr'>missisunt.</span> <span class='ocrx_word' id='word_1_171' title='bbox 1279 2606 1393 2666; x_wconf 77' lang='lat' dir='ltr'>Sem-4</span> 
     </span>
     <span class='ocr_line' id='line_1_21' title="bbox 296 2710 1362 2791; baseline 0.005 -25"><span class='ocrx_word' id='word_1_172' title='bbox 296 2721 352 2788; x_wconf 89' lang='lat' dir='ltr'>per</span> <span class='ocrx_word' id='word_1_173' title='bbox 374 2710 463 2768; x_wconf 86' lang='lat' dir='ltr'>talem</span> <span class='ocrx_word' id='word_1_174' title='bbox 478 2712 587 2769; x_wconf 85' lang='lat' dir='ltr'>exitum</span> <span class='ocrx_word' id='word_1_175' title='bbox 603 2713 670 2770; x_wconf 84' lang='lat' dir='ltr'>vitre</span> <span class='ocrx_word' id='word_1_176' title='bbox 690 2731 749 2770; x_wconf 83' lang='lat' dir='ltr'>suaa</span> <span class='ocrx_word' id='word_1_177' title='bbox 762 2714 913 2772; x_wconf 82' lang='lat' dir='ltr'>Hannibal</span> <span class='ocrx_word' id='word_1_178' title='bbox 927 2723 1116 2791; x_wconf 86' lang='lat' dir='ltr'>prospexerat</span> <span class='ocrx_word' id='word_1_179' title='bbox 1131 2714 1238 2783; x_wconf 89' lang='lat' dir='ltr'>animo,</span> <span class='ocrx_word' id='word_1_180' title='bbox 1260 2720 1289 2770; x_wconf 88' lang='lat' dir='ltr'>et</span> <span class='ocrx_word' id='word_1_181' title='bbox 1302 2714 1362 2771; x_wconf 86' lang='lat' dir='ltr'>Ro·</span> 
     </span>
     <span class='ocr_line' id='line_1_22' title="bbox 275 2806 1363 2895; baseline 0.003 -22"><span class='ocrx_word' id='word_1_182' title='bbox 275 2806 454 2874; x_wconf 54' lang='lat' dir='ltr'>&#39;manorum</span> <span class='ocrx_word' id='word_1_183' title='bbox 474 2816 650 2894; x_wconf 87' lang='lat' dir='ltr'>inexpiabile</span> <span class='ocrx_word' id='word_1_184' title='bbox 665 2820 763 2878; x_wconf 89' lang='lat' dir='ltr'>odium</span> <span class='ocrx_word' id='word_1_185' title='bbox 783 2820 814 2877; x_wconf 91' lang='lat' dir='ltr'>in</span> <span class='ocrx_word' id='word_1_186' title='bbox 836 2839 868 2876; x_wconf 88' lang='lat' dir='ltr'>se</span> <span class='ocrx_word' id='word_1_187' title='bbox 889 2838 1008 2877; x_wconf 86' lang='lat' dir='ltr'>cernens</span> <span class='ocrx_word' id='word_1_188' title='bbox 1035 2831 1064 2878; x_wconf 88' lang='lat' dir='ltr'>et</span> <span class='ocrx_word' id='word_1_189' title='bbox 1083 2819 1150 2878; x_wconf 90' lang='lat' dir='ltr'>fidei</span> <span class='ocrx_word' id='word_1_190' title='bbox 1170 2819 1363 2895; x_wconf 72' lang='lat' dir='ltr'>regum‘nihil</span> 
     </span>
     <span class='ocr_line' id='line_1_23' title="bbox 296 2922 1361 3004; baseline 0.003 -25"><span class='ocrx_word' id='word_1_191' title='bbox 296 2939 369 2980; x_wconf 78' lang='lat' dir='ltr'>sane</span> <span class='ocrx_word' id='word_1_192' title='bbox 392 2922 500 2992; x_wconf 81' lang='lat' dir='ltr'>fretus3</span> <span class='ocrx_word' id='word_1_193' title='bbox 526 2925 639 2981; x_wconf 84' lang='lat' dir='ltr'>Prusiae</span> <span class='ocrx_word' id='word_1_194' title='bbox 660 2943 729 2982; x_wconf 88' lang='lat' dir='ltr'>vero</span> <span class='ocrx_word' id='word_1_195' title='bbox 751 2925 896 2982; x_wconf 87' lang='lat' dir='ltr'>levitatem</span> <span class='ocrx_word' id='word_1_196' title='bbox 920 2927 1005 2984; x_wconf 87' lang='lat' dir='ltr'>etiam</span> <span class='ocrx_word' id='word_1_197' title='bbox 1031 2936 1168 3004; x_wconf 85' lang='lat' dir='ltr'>expertus</span> <span class='ocrx_word' id='word_1_198' title='bbox 1189 2934 1264 2995; x_wconf 85' lang='lat' dir='ltr'>erat;</span> <span class='ocrx_word' id='word_1_199' title='bbox 1290 2925 1361 2983; x_wconf 87' lang='lat' dir='ltr'>Fla·</span> 
     </span>
     <span class='ocr_line' id='line_1_24' title="bbox 298 3029 1391 3104; baseline 0.005 -18"><span class='ocrx_word' id='word_1_200' title='bbox 298 3029 400 3086; x_wconf 85' lang='lat' dir='ltr'>minini</span> <span class='ocrx_word' id='word_1_201' title='bbox 434 3048 551 3104; x_wconf 87' lang='lat' dir='ltr'>quoque</span> <span class='ocrx_word' id='word_1_202' title='bbox 582 3030 738 3087; x_wconf 84' lang='lat' dir='ltr'>adventum</span> <span class='ocrx_word' id='word_1_203' title='bbox 766 3031 846 3088; x_wconf 86' lang='lat' dir='ltr'>velut</span> <span class='ocrx_word' id='word_1_204' title='bbox 872 3031 991 3089; x_wconf 85' lang='lat' dir='ltr'>fatalem</span> <span class='ocrx_word' id='word_1_205' title='bbox 1019 3033 1074 3090; x_wconf 90' lang='lat' dir='ltr'>sibi</span> <span class='ocrx_word' id='word_1_206' title='bbox 1100 3034 1264 3094; x_wconf 83' lang='lat' dir='ltr'>horruerat.</span> <span class='ocrx_word' id='word_1_207' title='bbox 1310 3032 1391 3091; x_wconf 74' lang='lat' dir='ltr'>Ado</span> 
     </span>
     <span class='ocr_line' id='line_1_25' title="bbox 296 3122 1474 3212; baseline 0.004 -21"><span class='ocrx_word' id='word_1_208' title='bbox 296 3136 399 3192; x_wconf 90' lang='lat' dir='ltr'>omnia</span> <span class='ocrx_word' id='word_1_209' title='bbox 430 3122 557 3210; x_wconf 88' lang='lat' dir='ltr'>undique</span> <span class='ocrx_word' id='word_1_210' title='bbox 591 3135 698 3193; x_wconf 81' lang='lat' dir='ltr'>infesta</span> <span class='ocrx_word' id='word_1_211' title='bbox 724 3147 756 3194; x_wconf 88' lang='lat' dir='ltr'>ut</span> <span class='ocrx_word' id='word_1_212' title='bbox 786 3137 841 3194; x_wconf 92' lang='lat' dir='ltr'>iter</span> <span class='ocrx_word' id='word_1_213' title='bbox 873 3155 987 3212; x_wconf 91' lang='lat' dir='ltr'>semper</span> <span class='ocrx_word' id='word_1_214' title='bbox 1017 3136 1135 3211; x_wconf 87' lang='lat' dir='ltr'>aliquod</span> <span class='ocrx_word' id='word_1_215' title='bbox 1166 3146 1359 3212; x_wconf 71' lang='lat' dir='ltr'>praeparatum</span> <span class='ocrx_word' id='word_1_216' title='bbox 1471 3184 1474 3196; x_wconf 88' lang='lat'>.</span> 
     </span>
     <span class='ocr_line' id='line_1_26' title="bbox 291 3223 1413 3319; baseline 0.004 -24"><span class='ocrx_word' id='word_1_217' title='bbox 291 3238 375 3319; x_wconf 79' lang='lat' dir='ltr'>ingae</span> <span class='ocrx_word' id='word_1_218' title='bbox 397 3242 529 3312; x_wconf 86' lang='lat' dir='ltr'>haberet,</span> <span class='ocrx_word' id='word_1_219' title='bbox 550 3251 660 3316; x_wconf 87' lang='lat' dir='ltr'>septem</span> <span class='ocrx_word' id='word_1_220' title='bbox 683 3242 778 3301; x_wconf 87' lang='lat' dir='ltr'>exitus</span> <span class='ocrx_word' id='word_1_221' title='bbox 809 3241 1074 3309; x_wconf 66' lang='lat' dir='ltr'>edomoleeerat,</span> <span class='ocrx_word' id='word_1_222' title='bbox 1105 3250 1134 3299; x_wconf 85' lang='lat' dir='ltr'>et</span> <span class='ocrx_word' id='word_1_223' title='bbox 1155 3261 1192 3300; x_wconf 85' lang='lat' dir='ltr'>ex</span> <span class='ocrx_word' id='word_1_224' title='bbox 1213 3242 1248 3300; x_wconf 89' lang='lat' dir='ltr'>iis</span> <span class='ocrx_word' id='word_1_225' title='bbox 1270 3261 1360 3318; x_wconf 85' lang='lat' dir='ltr'>qnos·</span> <span class='ocrx_word' id='word_1_226' title='bbox 1412 3223 1413 3227; x_wconf 6' lang='grc' dir='ltr'><strong>Ἰ</strong></span> 
     </span>
     <span class='ocr_line' id='line_1_27' title="bbox 287 3321 1390 3424; baseline 0.001 -18"><span class='ocrx_word' id='word_1_227' title='bbox 287 3346 366 3408; x_wconf 82' lang='lat' dir='ltr'>dam</span> <span class='ocrx_word' id='word_1_228' title='bbox 389 3335 536 3417; x_wconf 85' lang='lat' dir='ltr'>occultos,</span> <span class='ocrx_word' id='word_1_229' title='bbox 567 3365 604 3403; x_wconf 88' lang='lat' dir='ltr'>ne</span> <span class='ocrx_word' id='word_1_230' title='bbox 627 3348 761 3405; x_wconf 88' lang='lat' dir='ltr'>custodia</span> <span class='ocrx_word' id='word_1_231' title='bbox 788 3349 965 3424; x_wconf 83' lang='lat' dir='ltr'>saepirontur.</span> <span class='ocrx_word' id='word_1_232' title='bbox 1007 3321 1069 3406; x_wconf 74' lang='lat' dir='ltr'>&#39;sed</span> <span class='ocrx_word' id='word_1_233' title='bbox 1091 3365 1182 3422; x_wconf 83' lang='lat' dir='ltr'>grave</span> <span class='ocrx_word' id='word_1_234' title='bbox 1206 3347 1390 3422; x_wconf 82' lang='lat' dir='ltr'>imperiumti</span> 
     </span>
     <span class='ocr_line' id='line_1_28' title="bbox 280 3452 1360 3532; baseline -0.005 -18"><span class='ocrx_word' id='word_1_235' title='bbox 280 3467 400 3532; x_wconf 71' lang='lat' dir='ltr'>regum</span> <span class='ocrx_word' id='word_1_236' title='bbox 426 3453 497 3511; x_wconf 89' lang='lat' dir='ltr'>nihil</span> <span class='ocrx_word' id='word_1_237' title='bbox 511 3453 735 3528; x_wconf 84' lang='lat' dir='ltr'>inexploratum,</span> <span class='ocrx_word' id='word_1_238' title='bbox 757 3455 835 3529; x_wconf 89' lang='lat' dir='ltr'>quod</span> <span class='ocrx_word' id='word_1_239' title='bbox 857 3453 994 3529; x_wconf 83' lang='lat' dir='ltr'>vestigari</span> <span class='ocrx_word' id='word_1_240' title='bbox 1015 3453 1124 3525; x_wconf 83' lang='lat' dir='ltr'>volunt,</span> <span class='ocrx_word' id='word_1_241' title='bbox 1146 3452 1247 3521; x_wconf 86' lang='lat' dir='ltr'>efficit;</span> <span class='ocrx_word' id='word_1_242' title='bbox 1271 3453 1360 3509; x_wconf 89' lang='lat' dir='ltr'>totius</span> 
     </span>
     <span class='ocr_line' id='line_1_29' title="bbox 279 3558 1360 3636; baseline 0 -20"><span class='ocrx_word' id='word_1_243' title='bbox 279 3560 451 3620; x_wconf 78' lang='lat' dir='ltr'>circuitum</span> <span class='ocrx_word' id='word_1_244' title='bbox 473 3560 577 3616; x_wconf 86' lang='lat' dir='ltr'>domus</span> <span class='ocrx_word' id='word_1_245' title='bbox 600 3559 642 3616; x_wconf 87' lang='lat' dir='ltr'>ita</span> <span class='ocrx_word' id='word_1_246' title='bbox 669 3559 808 3617; x_wconf 88' lang='lat' dir='ltr'>custodiis</span> <span class='ocrx_word' id='word_1_247' title='bbox 838 3560 983 3636; x_wconf 82' lang='lat' dir='ltr'>complexi</span> <span class='ocrx_word' id='word_1_248' title='bbox 1014 3568 1095 3628; x_wconf 89' lang='lat' dir='ltr'>sunt,</span> <span class='ocrx_word' id='word_1_249' title='bbox 1123 3569 1156 3616; x_wconf 86' lang='lat' dir='ltr'>ut</span> <span class='ocrx_word' id='word_1_250' title='bbox 1182 3578 1266 3616; x_wconf 90' lang='lat' dir='ltr'>nemo</span> <span class='ocrx_word' id='word_1_251' title='bbox 1293 3558 1360 3616; x_wconf 90' lang='lat' dir='ltr'>inde</span> 
     </span>
     <span class='ocr_line' id='line_1_30' title="bbox 274 3663 1388 3742; baseline 0.002 -20"><span class='ocrx_word' id='word_1_252' title='bbox 274 3666 374 3724; x_wconf 60' lang='lat' dir='ltr'>alubi</span> <span class='ocrx_word' id='word_1_253' title='bbox 396 3675 507 3740; x_wconf 81' lang='lat' dir='ltr'>posset.</span> <span class='ocrx_word' id='word_1_254' title='bbox 556 3663 718 3735; x_wconf 91' lang='lat' dir='ltr'>Hannibal,</span> <span class='ocrx_word' id='word_1_255' title='bbox 741 3675 895 3742; x_wconf 84' lang='lat' dir='ltr'>postquam</span> <span class='ocrx_word' id='word_1_256' title='bbox 918 3675 962 3723; x_wconf 85' lang='lat' dir='ltr'>est</span> <span class='ocrx_word' id='word_1_257' title='bbox 982 3665 1159 3734; x_wconf 89' lang='lat' dir='ltr'>nuntiatum,</span> <span class='ocrx_word' id='word_1_258' title='bbox 1181 3663 1291 3722; x_wconf 68' lang='lat' dir='ltr'>&#39;milites</span> <span class='ocrx_word' id='word_1_259' title='bbox 1312 3670 1388 3724; x_wconf 84' lang='lat' dir='ltr'>re·7</span> 
     </span>
     <span class='ocr_line' id='line_1_31' title="bbox 274 3770 1357 3848; baseline 0.001 -19"><span class='ocrx_word' id='word_1_260' title='bbox 274 3773 360 3846; x_wconf 79' lang='lat' dir='ltr'>gios</span> <span class='ocrx_word' id='word_1_261' title='bbox 381 3770 413 3828; x_wconf 91' lang='lat' dir='ltr'>in</span> <span class='ocrx_word' id='word_1_262' title='bbox 434 3770 579 3827; x_wconf 87' lang='lat' dir='ltr'>vestibulo</span> <span class='ocrx_word' id='word_1_263' title='bbox 601 3787 680 3839; x_wconf 87' lang='lat' dir='ltr'>esse,</span> <span class='ocrx_word' id='word_1_264' title='bbox 708 3771 835 3846; x_wconf 89' lang='lat' dir='ltr'>postico,</span> <span class='ocrx_word' id='word_1_265' title='bbox 863 3771 942 3845; x_wconf 88' lang='lat' dir='ltr'>quod</span> <span class='ocrx_word' id='word_1_266' title='bbox 972 3771 1086 3829; x_wconf 86' lang='lat' dir='ltr'>devium</span> <span class='ocrx_word' id='word_1_267' title='bbox 1114 3772 1240 3830; x_wconf 87' lang='lat' dir='ltr'>maxime</span> <span class='ocrx_word' id='word_1_268' title='bbox 1269 3782 1357 3848; x_wconf 91' lang='lat' dir='ltr'>atque</span> 
     </span>
     <span class='ocr_line' id='line_1_32' title="bbox 274 3875 1387 3952; baseline 0.003 -17"><span class='ocrx_word' id='word_1_269' title='bbox 274 3875 486 3935; x_wconf 78' lang='lat' dir='ltr'>occultissimi</span> <span class='ocrx_word' id='word_1_270' title='bbox 508 3877 603 3933; x_wconf 90' lang='lat' dir='ltr'>exitus</span> <span class='ocrx_word' id='word_1_271' title='bbox 624 3885 695 3943; x_wconf 86' lang='lat' dir='ltr'>erat,</span> <span class='ocrx_word' id='word_1_272' title='bbox 717 3875 818 3951; x_wconf 84' lang='lat' dir='ltr'>fugere</span> <span class='ocrx_word' id='word_1_273' title='bbox 839 3886 969 3946; x_wconf 86' lang='lat' dir='ltr'>conatus,</span> <span class='ocrx_word' id='word_1_274' title='bbox 991 3887 1023 3934; x_wconf 89' lang='lat' dir='ltr'>nt</span> <span class='ocrx_word' id='word_1_275' title='bbox 1043 3877 1072 3934; x_wconf 87' lang='lat' dir='ltr'>id</span> <span class='ocrx_word' id='word_1_276' title='bbox 1098 3896 1214 3952; x_wconf 90' lang='lat' dir='ltr'>quoque</span> <span class='ocrx_word' id='word_1_277' title='bbox 1235 3883 1387 3940; x_wconf 87' lang='lat' dir='ltr'>occursu8</span> 
     </span>
     <span class='ocr_line' id='line_1_33' title="bbox 274 3982 1357 4058; baseline -0.001 -16"><span class='ocrx_word' id='word_1_278' title='bbox 274 3983 422 4042; x_wconf 72' lang='lat' dir='ltr'>rnilitum</span> <span class='ocrx_word' id='word_1_279' title='bbox 462 3982 624 4058; x_wconf 82' lang='lat' dir='ltr'>obsaeptum</span> <span class='ocrx_word' id='word_1_280' title='bbox 660 3982 751 4039; x_wconf 87' lang='lat' dir='ltr'>sensit</span> <span class='ocrx_word' id='word_1_281' title='bbox 785 3991 813 4039; x_wconf 89' lang='lat' dir='ltr'>et</span> <span class='ocrx_word' id='word_1_282' title='bbox 845 3984 944 4040; x_wconf 90' lang='lat' dir='ltr'>omnia</span> <span class='ocrx_word' id='word_1_283' title='bbox 975 3983 1053 4042; x_wconf 90' lang='lat' dir='ltr'>circa</span> <span class='ocrx_word' id='word_1_284' title='bbox 1088 3985 1188 4043; x_wconf 85' lang='lat' dir='ltr'>clausa</span> <span class='ocrx_word' id='word_1_285' title='bbox 1219 3984 1357 4041; x_wconf 86' lang='lat' dir='ltr'>custodiis</span> 
     </span>
     <span class='ocr_line' id='line_1_34' title="bbox 274 4087 1357 4167; baseline 0.001 -21"><span class='ocrx_word' id='word_1_286' title='bbox 274 4087 447 4164; x_wconf 63' lang='lat' dir='ltr'>dispositis</span> <span class='ocrx_word' id='word_1_287' title='bbox 470 4104 548 4156; x_wconf 87' lang='lat' dir='ltr'>esse,</span> <span class='ocrx_word' id='word_1_288' title='bbox 580 4106 737 4156; x_wconf 84' lang='lat' dir='ltr'>venenum,</span> <span class='ocrx_word' id='word_1_289' title='bbox 770 4089 847 4162; x_wconf 91' lang='lat' dir='ltr'>quod</span> <span class='ocrx_word' id='word_1_290' title='bbox 873 4090 965 4146; x_wconf 91' lang='lat' dir='ltr'>multo</span> <span class='ocrx_word' id='word_1_291' title='bbox 997 4098 1065 4148; x_wconf 91' lang='lat' dir='ltr'>ante</span> <span class='ocrx_word' id='word_1_292' title='bbox 1092 4099 1286 4167; x_wconf 70' lang='lat' dir='ltr'>praeparatum</span> <span class='ocrx_word' id='word_1_293' title='bbox 1319 4090 1357 4147; x_wconf 87' lang='lat' dir='ltr'>ad</span> 
     </span>
     <span class='ocr_line' id='line_1_35' title="bbox 280 4182 1387 4270; baseline 0.003 -18"><span class='ocrx_word' id='word_1_294' title='bbox 280 4196 374 4252; x_wconf 75' lang='lat' dir='ltr'>tales</span> <span class='ocrx_word' id='word_1_295' title='bbox 396 4190 526 4251; x_wconf 89' lang='lat' dir='ltr'>habebat</span> <span class='ocrx_word' id='word_1_296' title='bbox 548 4210 643 4262; x_wconf 84' lang='lat' dir='ltr'>casus,</span> <span class='ocrx_word' id='word_1_297' title='bbox 665 4193 806 4268; x_wconf 80' lang='lat' dir='ltr'>poposcit.</span> <span class='ocrx_word' id='word_1_298' title='bbox 852 4182 1059 4264; x_wconf 80' lang='lat' dir='ltr'>„Liberemus“</span> <span class='ocrx_word' id='word_1_299' title='bbox 1075 4199 1173 4270; x_wconf 76' lang='lat' dir='ltr'>&#39;inquit</span> <span class='ocrx_word' id='word_1_300' title='bbox 1203 4192 1387 4264; x_wconf 80' lang='lat' dir='ltr'>„diuturnall</span> 
     </span>
     <span class='ocr_line' id='line_1_36' title="bbox 277 4293 1362 4378; baseline 0.004 -20"><span class='ocrx_word' id='word_1_301' title='bbox 277 4319 370 4358; x_wconf 63' lang='lat' dir='ltr'>tura</span> <span class='ocrx_word' id='word_1_302' title='bbox 398 4299 540 4376; x_wconf 91' lang='lat' dir='ltr'>populum</span> <span class='ocrx_word' id='word_1_303' title='bbox 567 4300 746 4370; x_wconf 87' lang='lat' dir='ltr'>Romanum,</span> <span class='ocrx_word' id='word_1_304' title='bbox 786 4301 903 4374; x_wconf 89' lang='lat' dir='ltr'>qnando</span> <span class='ocrx_word' id='word_1_305' title='bbox 934 4312 1054 4362; x_wconf 87' lang='lat' dir='ltr'>mortem</span> <span class='ocrx_word' id='word_1_306' title='bbox 1085 4303 1161 4360; x_wconf 89' lang='lat' dir='ltr'>senis</span> <span class='ocrx_word' id='word_1_307' title='bbox 1188 4293 1362 4378; x_wconf 81' lang='lat' dir='ltr'>exspectare</span> 
     </span>
    </p>
   </div>
   <div class='ocr_carea' id='block_1_3' title="bbox 0 0 1746 5025">
    <p class='ocr_par' dir='ltr' id='par_1_3' title="bbox 0 0 1746 5025">
     <span class='ocr_line' id='line_1_37' title="bbox 0 0 1746 5025; baseline 0 4"><span class='ocrx_word' id='word_1_308' title='bbox 0 0 1746 5025; x_wconf 95' lang='lat' dir='ltr'> </span> 
     </span>
    </p>
   </div>
  </div>
 </body>
</html>
