3484 5025
478 500 538 556 204
737 494 816 545 Liber
827 492 954 544 XXXIX.
992 492 1040 555 (A.
1051 505 1077 542 u.
1089 506 1111 541 c.
1124 494 1201 554 571.)

386 690 422 745 10
435 683 554 758 longum
576 691 703 744 censent.
750 681 814 738 Nec
842 697 979 753 magnam
1007 694 1060 735 nec
1081 674 1306 735 memorabilem
1335 692 1372 731 ex
1395 672 1472 729 ueni

436 788 609 863 proditoque
631 786 812 845 Flamininus
833 785 984 843 victoriam
1007 783 1088 842 ieret.
1138 783 1242 839 Mores
1265 779 1380 855 quidem
1398 777 1474 853 populi

436 891 562 951 Romani
595 902 733 965 quantum
762 892 952 962 mutaverint,
984 890 1031 947 vel
1060 888 1107 945 hic
1143 887 1207 946 dies
1239 896 1407 962 argumento
1428 883 1485 943 erit»

388 1009 421 1064 11
437 1000 550 1055 Horum
573 1009 672 1073 patres
693 998 808 1073 Pyrrho
831 997 902 1072 regi,
922 996 1152 1082 hostilormato‚
1179 993 1347 1051 exercitum
1366 992 1394 1049 in
1411 990 1475 1048 ltulin

302 1119 310 1144 ¹
436 1105 564 1173 habenti,
584 1114 617 1161 ut
641 1122 659 1160 a
680 1122 792 1160 veneno
814 1112 945 1172 caveret,
974 1102 1185 1178 praedixerunt;
1216 1100 1248 1158 hi
1275 1095 1401 1173 legatum
1425 1115 1475 1153 cou-

384 1220 392 1245 ·’
437 1210 572 1279 sularem,
594 1209 643 1283 qui
665 1219 767 1266 auctor
788 1222 862 1265 esset
877 1208 990 1266 Prusiae
1008 1226 1060 1282 per
1081 1207 1175 1265 scelus
1198 1204 1353 1263 occidendi
1373 1202 1476 1277 hospitis,

388 1322 424 1379 12
440 1316 607 1373 miserunt.“
655 1315 833 1371 Exsecratus
861 1314 966 1372 deinde
993 1314 1022 1370 in
1052 1322 1140 1388 caput
1168 1329 1355 1387 regnumque
1383 1297 1494 1377 Prusias

440 1430 469 1478 et
489 1421 647 1496 hospitales
669 1420 740 1477 deos
761 1420 877 1477 violatas
898 1422 935 1477 ab
950 1439 994 1478 ¹en
1016 1419 1082 1476 fidei
1111 1426 1201 1474 testes
1231 1416 1388 1486 invocans,
1411 1432 1477 1490 pecu

440 1527 499 1585 lum
521 1526 662 1583 exhausit.
707 1527 765 1583 Hic
786 1527 853 1584 vitre
875 1527 968 1612 exitus
989 1525 1045 1583 fuit
1065 1524 1256 1584 Hannibalis.

344 1636 385 1706 52
523 1631 687 1707 Scipionem
718 1641 747 1687 et
774 1631 915 1708 Polybius
948 1641 977 1688 et
1005 1631 1129 1690 Rutilius
1163 1632 1224 1687 hoo
1251 1648 1332 1686 anuo
1362 1636 1479 1686 mortuum

439 1739 576 1795 scribunt
624 1738 689 1811 Ego
718 1756 812 1811 neque
832 1738 877 1794 his
907 1756 1001 1812 neque
1022 1736 1142 1794 Valerio
1165 1734 1330 1805 assentior,
1351 1734 1402 1805 his,
1421 1730 1479 1807 quod

440 1844 607 1902 censoribus
629 1844 669 1901 M.
691 1842 813 1912 Porcio3
846 1844 881 1902 L.
905 1843 1024 1901 Valerio
1046 1844 1082 1899 L.
1110 1842 1255 1899 Valerium
1277 1841 1430 1917 principem
1447 1855 1479 1893 se·

440 1960 525 2006 natus
557 1948 651 2023 ipsum
684 1967 832 2006 censorem
870 1949 974 2010 lectum
1008 1949 1150 2017 invenio„
1181 1967 1274 2023 quum
1310 1944 1482 2022 superioribus

408 2049 584 2128 2dnobus¹)
605 2054 702 2111 lustris
717 2054 875 2112 Africanus
889 2055 1001 2126 fuisset,
1024 2055 1175 2139 querno,
1197 2054 1256 2112 nisi
1280 2063 1315 2111 ut
1335 2052 1384 2109 ille
1402 2058 1483 2106 senatu

439 2170 612 2229 moveretur,
643 2180 729 2235 quam
752 2155 851 2218 nota'm
874 2180 959 2219 nemo
982 2162 1126 2218 memoriae
1148 2160 1297 2236 prodidit,
1328 2159 1400 2215 alius
1424 2154 1485 2240 prin·

409 2267 506 2341 3ceps
537 2267 568 2323 in
599 2266 695 2324 locum
728 2268 790 2325 eius
822 2268 913 2328 lectus
945 2286 1003 2323 non
1035 2278 1121 2324 esset.
1175 2267 1333 2325 Antiatem
1361 2274 1485 2324 auctorem
1524 2331 1526 2348 Ι

440 2372 544 2429 refellit
575 2355 707 2430 tribunus
740 2373 832 2455 plebis
867 2374 909 2431 M.
942 2372 1078 2443 Navius,
1116 2373 1260 2430 adversus
1294 2390 1383 2447 quem
1412 2366 1487 2426 oratio

412 2479 580 2554 dinscn'pta
601 2479 638 2537 P.
661 2477 794 2535 Africani
815 2489 868 2537 est.
916 2479 973 2537 Hic
988 2480 1106 2537 Naevius
1126 2479 1156 2536 in
1179 2479 1407 2554 magistratuum
1426 2471 1488 2530 libris

444 2596 488 2642 est
520 2587 650 2642 tribunus
684 2584 774 2659 plebis
808 2587 843 2643 P.
873 2583 1007 2654 Claudio,
1039 2587 1074 2642 L.
1103 2584 1425 2649 Porcioconsulibum
1451 2574 1488 2633 sed
1518 2622 1520 2629 .

443 2692 506 2749 iniit
528 2693 705 2771 tribunatum
729 2694 806 2765 App.
824 2689 958 2757 Claudio,
979 2692 1021 2748 M.
1046 2691 1223 2765 Sempronio
1250 2689 1418 2748 consulibus
1438 2695 1488 2741 ante

414 2799 535 2876 bdiem
553 2808 688 2871 quartum
723 2798 788 2852 idus
820 2798 1011 2865 Decembrcs;
1042 2796 1108 2852 inde
1138 2807 1196 2852 tres
1228 2815 1348 2853 menses
1376 2796 1411 2852 ad
1440 2792 1487 2848 idus

443 2903 566 2959 Martias
596 2915 676 2972 snm,
712 2905 816 2978 quibus
848 2904 885 2964 Ρ.’
916 2901 1070 2971 Claudius,
1106 2903 1142 2959 L.
1170 2903 1300 2961 Porcius
1329 2900 1488 2960 consulatum

413 3009 577 3068 binierunt.
637 3011 685 3066 lta
706 3005 824 3066 ¹vixisse
862 3009 891 3065 in
919 3008 1066 3064 tribunatu
1093 3007 1188 3065 Naevii
1222 3010 1357 3078 videtur,
1392 3004 1488 3075 diesque

444 3117 470 3172 ei
492 3116 548 3172 dici
577 3117 614 3172 ab
646 3135 680 3173 eo
703 3116 839 3190 potuisse,
870 3114 1027 3170 decessisse
1056 3123 1152 3170 autem
1181 3123 1251 3170 ante
1278 3115 1317 3176 L.
1343 3109 1448 3169 Valerii
1469 3117 1488 3162 et

443 3223 485 3280 M.
509 3223 606 3279 Porcii
628 3240 787 3280 censuram.

414 3332 429 3384 7
473 3378 475 3381 .
527 3329 633 3385 Trium·
654 3306 878 3385 clarissimorum
912 3345 971 3383 suae
998 3326 1136 3398 cuiusque
1165 3326 1262 3400 gentis
1289 3325 1417 3381 virorum
1445 3334 1488 3374 που

444 3433 537 3505 magis
570 3443 700 3506 tempore
732 3444 908 3508 congruente
941 3432 1144 3508 comparabilis
1174 3450 1254 3489 mors
1289 3430 1405 3487 videtur
1433 3441 1488 3489 esse

445 3556 531 3610 quarn
559 3537 636 3611 quod
667 3559 752 3595 nemo
781 3559 881 3596 eorum
903 3540 974 3596 satis
992 3540 1109 3613 dignum
1133 3536 1291 3612 splendore
1313 3537 1381 3592 vitae
1399 3533 1487 3591 exitum

414 3643 553 3702 Shabnit.
608 3644 686 3699 Nam
709 3643 832 3718 primum
857 3663 958 3703 omnes
979 3665 1037 3702 non
1064 3647 1091 3700 in
1112 3644 1208 3719 patrio
1237 3642 1304 3699 solo
1329 3640 1432 3699 mortui
1449 3653 1488 3694 nec

444 3747 547 3821 sepulti
580 3758 654 3805 sunt.
714 3750 836 3806 Veneno
871 3751 1016 3826 absumpti
1048 3749 1198 3808 Hannibal
1228 3758 1258 3806 et
1288 3749 1488 3824 Philopoemeu;

444 3853 526 3908 exsul
548 3854 713 3922 Hannibal,
744 3857 874 3930 proditus
896 3859 933 3914 ab
961 3857 1089 3932 hospite,
1119 3866 1222 3931 captus
1244 3855 1444 3930 Philopoemen
1467 3850 1487 3904 iu

413 3965 559 4018 9carcere
580 3960 658 4015 etin
680 3961 801 4018 vinculis
816 3963 982 4038 exspiravit.
1030 3962 1129 4037 Scipio
1151 3962 1205 4018 etsi
1227 3980 1287 4019 non
1311 3961 1394 4018 exsul
1413 3973 1488 4030 neque

446 4064 612 4134 damnatus,
634 4065 680 4121 die
702 4079 799 4125 tamen
822 4070 913 4139 dicta,
943 4070 1090 4143 adquam
1112 4087 1172 4124 non
1193 4066 1323 4125 affuerat
1344 4085 1424 4136 reus,
1449 4063 1487 4119 ab

444 4186 510 4224 sens
532 4168 654 4239 citatus,
682 4167 877 4230 voluntarium
908 4193 965 4231 non
987 4174 1101 4231 sibimet
1122 4173 1186 4248 ipse
1216 4173 1325 4244 solum,
1346 4170 1486 4232 sedetiam

444 4273 537 4330 funeri
559 4293 612 4331 suo
634 4276 766 4333 exsilium
788 4277 899 4335 indixit.

481 4414 505 4485 ¹)
523 4420 612 4470 Livius
624 4423 691 4470 trib
699 4437 735 4472 us
749 4423 858 4471 scribere
868 4424 965 4474 debuit.
