3484 5025
612 475 690 570 biber
701 520 830 574 XXXIX.
861 522 911 585 (Α.
925 520 984 571 chr,
1000 522 1072 584 las.)
1274 529 1328 583 173

282 701 517 760 consciscenda
541 702 636 762 locum
667 706 796 763 haberet.
849 705 902 781 Sp.
930 706 1099 763 Postumius
1127 706 1278 781 aliquanto
1304 709 1403 782 post3

282 805 431 865 Bonnam
458 808 547 869 venit.
594 810 641 867 Eo
661 810 814 868 ,referente
841 810 878 867 de
906 812 941 868 P.
962 810 1079 867 AEbutii
1106 819 1136 867 et
1158 812 1290 887 Hispala
1311 814 1370 869 Fe·

282 911 391 973 mnia
413 914 544 988 praemio,
566 915 644 988 qnod
667 933 767 973 eorum
789 932 881 991 opera
902 916 1030 974 indicata
1045 916 1244 974 Bacchanalia
1265 929 1370 987 essent,

282 1028 423 1075 meatus
443 1018 606 1108 consultum
628 1018 738 1077 factum
765 1028 824 1089 est,
854 1020 895 1077 uti
917 1020 1038 1095 singulis
1059 1020 1104 1077 his
1133 1029 1254 1078 centena
1281 1017 1399 1077 millial

281 1122 365 1181 nris
393 1132 554 1198 quaestores
582 1125 687 1182 urbani
708 1144 745 1182 ex
775 1125 879 1182 aerario
907 1125 1025 1195 darent3
1053 1126 1151 1200 ntique
1179 1119 1280 1179 consul
1303 1138 1367 1177 cum

280 1229 425 1287 tribunis
454 1230 549 1305 plebis
578 1240 692 1304 ageret,
722 1230 763 1287 uti
791 1230 832 1287 ad
850 1230 963 1306 plebem
985 1231 1079 1307 primo
1101 1248 1217 1306 quoque
1238 1239 1369 1302 tempore

279 1333 426 1405 serrem,
456 1344 489 1391 ut
517 1336 553 1392 P.
574 1334 700 1393 AEbutio
726 1335 847 1392 emerita
876 1336 1021 1411 stipendia
1050 1346 1159 1406 essent,
1192 1356 1230 1393 ue
1260 1334 1367 1391 invitus

276 1441 441 1500 militaret
472 1454 550 1497 neue¹
568 1458 672 1498 censor
700 1440 727 1496 ei
747 1441 854 1517 equuin
886 1441 1031 1517 publicum
1063 1442 1238 1517 assignarem
1268 1441 1399 1513 utique5

284 1542 600 1621 Fecentae'nispalae·
624 1545 721 1615 datio,
757 1546 932 1618 deminutio,
968 1547 1062 1621 gentis
1091 1546 1223 1620 enuptio,
1263 1543 1370 1616 tutoris·

288 1652 380 1729 optio
402 1652 473 1709 item
495 1662 585 1722 esset,
619 1650 703 1725 quasi
725 1651 752 1707 ei
774 1652 820 1708 vir
840 1661 1013 1709 testamento
1042 1652 1182 1721 dedisset,
1212 1652 1310 1724 utique
1339 1649 1365 1705 ei

286 1755 427 1833 ingenuo
455 1758 564 1814 nubere
585 1756 692 1826 liceret,
721 1775 777 1814 neu
800 1757 869 1831 qnid
891 1758 932 1828 ei,
957 1758 1008 1831 qui
1029 1776 1093 1814 eam
1115 1756 1254 1826 duxisset,
1276 1758 1314 1814 ob
1335 1756 1364 1812 id

287 1859 395 1922 naudi
425 1862 627 1938 ignominiaeve
654 1871 745 1932 esset3
777 1862 877 1936 utique
909 1862 1041 1919 consules
1073 1873 1282 1937 praetoresque,
1315 1861 1397 1936 quie

290 1983 373 2025 nunc
396 1977 494 2025 esseut
514 1968 622 2042 quique
643 1976 747 2043 postea
767 1966 856 2024 futuri
878 1975 988 2035 essent,
1017 1977 1166 2038 curarent,
1187 1986 1224 2023 ne
1247 1968 1316 2041 quid
1338 1967 1364 2024 ei

292 2071 413 2131 mulieri
440 2073 551 2130 iniuriae
575 2074 671 2142 fieret,
706 2072 806 2147 utique
831 2081 893 2128 tuto
916 2081 1005 2140 esset3
1034 2072 1064 2128 id
1086 2082 1216 2130 senatum
1239 2073 1314 2130 velle
1335 2083 1365 2130 et

294 2181 413 2253 Quum
436 2197 554 2236 censere
576 2186 607 2235 ut
627 2178 670 2234 ita
689 2179 780 2237 ficret.
828 2178 875 2235 Ea
904 2177 1002 2234 omnia
1024 2177 1145 2234 lata'sd
1166 2177 1279 2252 plebem
1301 2179 1394 2242 fac-7

293 2289 387 2359 taque
408 2293 476 2342 sunt
497 2303 535 2340 ex
555 2293 673 2341 senatus
695 2283 842 2354 consulto;
871 2291 900 2340 et
921 2284 959 2339 de
978 2293 1138 2340 ceterorum
1161 2284 1287 2340 indicum
1309 2285 1362 2342 im·
1389 2314 1393 2322 ·

293 2390 429 2466 punitate
450 2390 635 2466 praemiisque
656 2389 822 2447 consulibus
843 2389 1014 2464 permissum
1037 2399 1089 2450 est.

381 2493 501 2552 Etiam
525 2459 562 2568 Q.
584 2495 725 2567 Marcius,
753 2494 960 2570 quaestiouibus
982 2502 1042 2551 sutae
1070 2494 1200 2570 regionis
1218 2493 1362 2571 perfectis,
1416 2486 1460 2558 20
1490 2509 1494 2517 “

293 2598 324 2658 in
340 2594 464 2675 Lig'ures
479 2600 659 2676 provinciam
677 2600 820 2674 proficisci
835 2601 969 2674 parabat,
983 2599 1079 2657 tribus
1095 2600 1219 2658 millibus
1234 2602 1361 2676 peditum

292 2704 508 2775 Romanorum,
526 2685 640 2762 centum
658 2706 868 2781 quinquaginta
883 2705 1037 2779 equitibus,
1053 2717 1081 2762 et
1095 2706 1223 2781 quinque
1238 2706 1362 2763 millibus

293 2810 396 2869 Latini
421 2811 546 2868 nominis
574 2811 717 2886 peditum,
747 2811 878 2867 ducentis
905 2811 1050 2885 equitibus
1076 2812 1105 2867 in
1130 2810 1361 2885 supplementum

279 2915 432 2991 ¹acceptis.
469 2916 581 2974 Eadem
605 2913 765 2991 provincia,
786 2915 863 2972 idem
880 2933 1017 2972 uumerus
1032 2916 1159 2990 peditum
1176 2917 1392 2991 equitumque2

292 3030 322 3079 st
353 3019 474 3095 collegae
503 3022 636 3079 decretus
665 3030 741 3090 enat3
774 3021 918 3077 exercitus
945 3033 1133 3097 acceperunt,
1164 3040 1238 3097 quos
1265 3023 1362 3098 priore

292 3115 371 3185 a'nuo
395 3124 430 3185 O.
454 3126 615 3183 Flaminius
638 3135 667 3182 et
686 3118 730 3182 M.
752 3126 892 3183 AEmilius
914 3127 1046 3183 consules
1069 3127 1240 3185 habuerant.
1277 3129 1392 3187 Duas3

291 3241 437 3308 praeterea
451 3231 580 3307 legiones
595 3249 688 3288 novas
704 3250 742 3288 ex
763 3231 1028 3289 senatusconsulto
1050 3232 1175 3288 scribere
1196 3233 1268 3289 iussi
1286 3243 1362 3304 sunt,

291 3344 323 3396 et
350 3337 455 3412 viginti
486 3336 578 3393 millia
604 3336 733 3411 peditum
761 3336 848 3392 sociis
872 3346 901 3392 et
922 3336 1032 3393 nomini
1054 3337 1161 3394 Latino
1182 3337 1362 3412 imperarunt

291 3451 322 3502 ct
343 3443 457 3517 equites
479 3443 556 3499 mille
577 3442 737 3510 trecentos,
759 3428 788 3496 et
808 3441 865 3497 tria
888 3440 978 3498 millia
999 3443 1127 3516 peditum
1151 3444 1361 3514 Romanorum,

273 3548 436 3627 ,ducentos
467 3547 595 3622 equites3
631 3555 724 3604 totum
751 3548 828 3604 hunc
858 3545 1016 3624 exercitum
1041 3557 1146 3623 praeter
1173 3547 1302 3622 legiones
1331 3547 1390 3604 iul

290 3651 526 3728 supplementum
558 3640 764 3728 Hispaniensis
799 3652 942 3708 exercitus
978 3653 1044 3711 duci
1077 3654 1219 3729 placebat.
1255 3654 1361 3727 Itaque

291 3757 437 3826 consules,
466 3757 535 3814 dum
564 3756 621 3840 ipsi
648 3756 854 3832 questionibus
875 3758 1123 3832 impediebantur,
1156 3760 1192 3819 T.
1221 3760 1359 3817 Maenium

291 3861 411 3921 dilectui
442 3863 578 3920 habendo
610 3862 809 3939 praefecerunt.
857 3863 1014 3922 Perfectis'
1033 3865 1249 3939 quaestionibus,
1280 3865 1360 3940 prior
1374 3849 1396 3922 b¹

284 3960 329 4042 Q.
352 3968 483 4025 Marcius
510 3969 540 4025 in
562 3967 685 4054 Ligures
707 3971 850 4042 Apuanos
873 3979 917 4026 est
939 3969 1095 4045 profectus.
1143 3972 1223 4028 Dum
1245 3971 1393 4049 penitusb

290 4071 322 4130 in
349 4073 468 4130 abditos
497 4074 603 4145 saltus,
640 4092 704 4148 qua
735 4073 855 4130 latebrae
886 4074 1127 4151 receptaculaque
1157 4076 1213 4133 illis
1246 4094 1361 4150 semper

290 4178 424 4249 fuerant,
446 4180 636 4255 persequitur,
664 4180 694 4236 in
715 4181 925 4256 praeoccupatis
948 4181 1088 4256 angustiis
1109 4180 1173 4238 loco
1195 4181 1295 4256 iniquo
1317 4189 1361 4238 est

292 4284 514 4344 circumventus.
572 4286 718 4359 Quattuor
747 4285 837 4342 millia
869 4286 991 4343 militum
1023 4287 1145 4358 amissa,
1178 4296 1207 4344 et
1238 4287 1391 4362 legionis?
