3484 5025
631 479 711 529 Liber
728 478 786 532 XL.
823 478 873 542 (Δ.
892 476 956 530 cnr.
977 479 1050 542 182.)
1274 481 1333 538 223

306 668 441 735 tempore
462 661 504 718 ita
525 682 571 719 me
591 662 678 738 gessi,
711 682 748 719 ne
770 663 822 719 tibi
844 662 958 737 pudori,
985 682 1022 719 ne
1042 680 1133 737 regno
1155 673 1216 733 tuo,
1240 682 1277 720 ne
1297 664 1376 739 genti

306 766 503 823 Macedonum
526 786 628 825 essem.
675 769 780 842 Itaque
803 766 873 823 mihi
900 786 963 824 cum
987 767 1137 838 Romanis,
1165 778 1257 842 pater,
1286 781 1404 833 eausa7

306 871 443 928 amicitiae
465 882 494 929 tu
502 872 605 956 ,fuisti
659 872 765 944 Quoad
792 883 886 929 tecum
916 873 972 929 illis
1002 893 1061 948 pax
1090 874 1233 944 manebit,
1262 893 1374 933 mecum
1398 927 1410 958 a

305 996 426 1052 quoque
448 980 544 1053 gratia
566 979 633 1047 erit;
667 978 691 1035 si
720 978 826 1036 bellum
857 996 921 1035 esse
954 980 1089 1054 coeperit,
1122 979 1171 1053 qui
1194 981 1294 1049 obses,
1325 980 1374 1054 qui

303 1083 421 1158 legatus
442 1103 496 1158 pro
519 1094 602 1159 patre
623 1104 681 1141 non
704 1084 812 1142 inutilis
834 1083 893 1155 fui,
920 1084 995 1142 idem
1018 1084 1110 1142 hostis
1139 1086 1194 1142 illis
1217 1085 1373 1143 acerrimus

304 1208 367 1246 ero.
415 1190 480 1246 Neo
501 1190 601 1260 hodie,
629 1201 661 1247 ut
683 1191 774 1265 prosit
796 1189 866 1247 mihi
887 1190 984 1265 gratia
1005 1192 1221 1261 Romanorum,
1243 1192 1403 1267 postulo;8

302 1313 342 1351 ne
376 1296 470 1365 obsit,
507 1306 618 1352 tantum
651 1297 800 1371 deprecor.
838 1297 926 1353 .Nec
958 1295 989 1352 in
1021 1296 1098 1353 bello
1132 1296 1219 1372 coepit
1250 1317 1303 1355 nec
1335 1298 1372 1355 ad

302 1400 413 1457 bellum
432 1390 619 1471 ¹reservatum
651 1402 732 1478 pacis
764 1401 868 1477 pignus
899 1393 958 1469 iui,
990 1401 1029 1457 ad
1061 1419 1162 1476 pacem
1193 1401 1372 1458 retinendam

300 1505 419 1581 legatus
442 1506 546 1562 missus
568 1525 650 1576 sum;
682 1514 785 1565 neutra
809 1524 855 1563 res
888 1507 957 1563 mihi
984 1526 1036 1565 nec
1065 1507 1165 1582 gloriae
1186 1525 1238 1563 nec
1260 1506 1372 1563 crimini

301 1714 425 1803 fratrem
447 1718 560 1786 admisi,
581 1718 691 1778 nullam
713 1719 854 1793 deprecor
875 1737 1006 1793 poenam;
1033 1720 1058 1776 si
1079 1720 1217 1776 innocens
1240 1738 1313 1788 sum,
1335 1737 1371 1775 ne

268 1895 284 1911 ·
299 1822 415 1879 invidia
439 1825 624 1897 conflagrem,
646 1842 734 1897 quum
757 1824 875 1880 crimine
896 1843 954 1881 non
976 1824 1095 1899 possim,
1117 1824 1265 1898 deprecor.
1301 1826 1371 1883 Non
1389 1833 1423 1887 10

300 1928 393 1985 hodie
415 1948 461 1985 me
483 1929 606 2003 primum
635 1928 725 1986 frater
749 1939 881 1997 accusat,
914 1932 964 1987 sed
992 1930 1079 1987 hodie
1108 1930 1232 2005 primum
1262 1942 1370 2007 aperte,

300 2034 385 2090 nullo
408 2053 472 2090 meo
495 2034 570 2091 inse
586 2034 698 2091 merito.
737 2033 770 2093 Si
792 2035 860 2091 mihi
876 2045 960 2110 pater
975 2046 1165 2105 succenseret,
1187 2046 1215 2093 te
1230 2037 1370 2093 maiorem

299 2117 424 2200 fratrem
446 2159 500 2214 pro
526 2140 637 2195 minore
661 2140 810 2214 deprecari
836 2143 1005 2216 oportebat,
1038 2151 1066 2197 te
1097 2142 1313 2212 adolescentiae,
1342 2151 1371 2198 te

299 2247 396 2304 errori
418 2247 531 2303 veniam
555 2244 710 2319 impetrare
733 2265 807 2302 meo.
851 2247 912 2305 Ubi
936 2246 1101 2321 praesidium
1123 2267 1186 2304 esse
1208 2249 1370 2322 oportebat,

298 2353 341 2410 ibi
365 2352 483 2409 exitium
508 2362 560 2408 est.
608 2352 635 2409 E
658 2350 792 2408 convivio
809 2361 837 2407 et
852 2353 1057 2410 comissatione
1071 2333 1164 2429 prope
1178 2353 1369 2410 semisomnus
1386 2353 1418 2407 11

298 2467 405 2534 raptus
432 2476 495 2514 sum
525 2457 563 2514 ad
585 2474 703 2514 causam
733 2456 881 2531 parricidii
913 2456 1079 2527 dicendam;
1115 2458 1176 2516 sine
1209 2458 1368 2529 advocatis,

299 2565 365 2621 sine
386 2563 517 2639 patronis
539 2564 601 2638 ipse
622 2581 676 2637 pro
700 2581 746 2618 me
767 2562 862 2618 dicere
884 2581 982 2638 cogor.
1026 2565 1057 2623 Si
1075 2584 1127 2639 pro
1143 2565 1200 2621 aiio
1216 2566 1368 2622 dicendum
1386 2566 1419 2621 12

298 2678 393 2737 esset,
430 2678 551 2743 tempus
576 2668 614 2724 ad
647 2668 843 2724 meditandum
862 2679 909 2743 ,et
944 2671 1172 2744 componendam
1207 2648 1373 2728 orationem·

297 2779 499 2853 sumpsissem,
522 2794 610 2849 quum
634 2774 703 2847 quid
725 2773 804 2830 aliud
827 2792 915 2847 quam
938 2775 1045 2849 ingenii
1067 2774 1149 2833 fama
1171 2777 1367 2851 periclitarer?

296 2885 441 2961 Ignarus,
471 2882 540 2956 quid
562 2880 717 2937 arcessitus
739 2897 848 2949 essem,
877 2890 905 2937 te
925 2881 1030 2937 iratum
1055 2891 1083 2937 et
1104 2882 1249 2940 iubentem
1273 2884 1368 2940 dicere
1400 2899 1404 2903 ’

297 3008 430 3059 causam,
453 2987 572 3045 fratrem
596 2996 780 3043 accusantem
802 2985 908 3044 audivi.
957 2986 1020 3042 tlte
1042 2987 1091 3043 diu
1114 3000 1182 3044 ante
1203 2998 1367 3063 praeparata
1383 2987 1417 3042 13

296 3115 333 3154 ac
350 3095 490 3152 meditata
507 3095 536 3150 in
558 3111 605 3148 me
628 3091 761 3148 oratione
782 3100 826 3148 est
847 3109 931 3159 usus;
953 3108 1007 3164 ego
1031 3090 1059 3147 id
1084 3103 1195 3150 tantum
1218 3096 1366 3169 temporis,

297 3220 359 3276 quo
382 3207 534 3257 accusatus
556 3216 635 3265 sum,
665 3196 704 3252 ad
725 3196 972 3271 cognoscendum,
1006 3196 1075 3269 quid
1097 3209 1241 3272 ageretur,
1268 3200 1365 3261 habui.

295 3309 406 3368 Utrum
435 3313 581 3362 momento
609 3303 659 3361 illo
688 3303 767 3358 horae
794 3308 991 3358 accusatorem
1026 3303 1155 3359 audirem
1191 3323 1228 3360 an
1266 3304 1364 3362 defen·
1383 3304 1417 3358 tt

295 3415 409 3471 sionem
432 3409 609 3469 meditarer?
651 3407 803 3468 Attonitus
823 3407 973 3481 repentino
996 3416 1084 3482 atque
1104 3408 1254 3483 inopinato
1277 3411 1364 3481 malo,

294 3520 359 3590 vix,
381 3519 450 3593 quid
468 3518 650 3586 obiiceretur,
671 3513 831 3587 intelligere
853 3511 953 3586 potui3
975 3513 1080 3569 nedum
1104 3502 1290 3585 satis'sciam,
1306 3533 1363 3589 quo

294 3625 386 3682 modo
409 3643 455 3680 me
477 3632 568 3680 tuear.
620 3620 698 3693 Quid
720 3619 789 3675 mihi
815 3618 877 3693 spei
900 3628 990 3687 esset,
1021 3619 1076 3675 nisi
1106 3629 1217 3693 patrem
1240 3620 1363 3678 iudicem
1380 3619 1416 3674 15

294 3727 458 3789 haberem?
480 3727 571 3803 Apud
594 3745 678 3801 quem
702 3723 814 3780 etiamsi
836 3723 957 3780 caritate
979 3742 997 3780 a
1017 3723 1109 3780 fratre
1129 3725 1239 3782 maiore
1253 3725 1363 3796 vincor,

294 3835 496 3894 misericordia
517 3842 595 3890 certe
616 3849 681 3888 reus
703 3827 779 3886 vinei
804 3845 862 3882 non
886 3827 989 3887 debeo.
1050 3830 1116 3903 Ego
1142 3830 1233 3899 enim,
1264 3843 1295 3887 ut
1316 3851 1363 3888 me
1380 3830 1415 3886 16

294 3941 365 3999 mihi
388 3940 498 4014 tibique
520 3954 629 4004 serves,
656 3951 771 4009 precor;
804 3931 867 4002 ille,
898 3942 929 3989 ut
951 3952 997 3990 me
1022 3932 1051 3988 in
1073 3935 1255 3992 securitatem
1278 3954 1361 3992 suam

295 4046 428 4114 occidas,
462 4043 598 4119 postulat.
645 4039 723 4112 Quid
747 4058 829 4109 eum,
863 4057 951 4112 quum
988 4058 1109 4113 regnum
1142 4039 1167 4096 ei
1200 4041 1363 4111 tradideris,

293 4149 440 4208 facturum
462 4149 556 4206 credis
578 4148 607 4204 in
629 4164 675 4201 me
699 4161 778 4213 esse,
814 4143 863 4218 qui
886 4143 945 4200 iam
974 4162 1050 4200 nunc
1072 4146 1242 4220 sanguinem
1267 4165 1361 4203 meum
1422 4196 1425 4201 .

293 4255 349 4312 sibi
371 4252 514 4328 indulgeri
538 4269 652 4326 aequum
676 4257 773 4307 censet
783 4247 814 4304 ?“
