3484 5025
580 490 658 560 aaut
673 489 790 544 xxxn.
827 489 936 554 (aea
953 490 1025 553 na.)
1251 494 1291 552 ss

274 694 318 734 rou
339 676 445 734 hostes
467 674 557 731 modo
578 673 741 742 timentem,
777 674 828 748 qui
848 683 928 732 terra
948 673 1082 748 marique
1102 675 1261 750 urgebant,
1282 675 1364 739 seda

274 798 337 838 runc
356 778 520 850 sociorum,
538 798 615 838 nunc
634 779 722 837 etiam
743 777 929 855 popularium
951 778 1079 848 animos,
1109 798 1147 837 ne
1174 788 1203 836 et
1232 778 1274 839 illi
1295 780 1335 837 ad

275 904 343 961 pem
366 884 506 950 amicitiae
526 886 727 943 Romanorum
748 884 905 942 deficerent
929 891 958 940 et
978 882 1157 942 Macedonas
1181 883 1262 959 ipsos
1283 901 1333 943 cu·

274 990 330 1048 sido
358 991 504 1048 novandi.
518 1008 567 1048 res
598 999 725 1073 caperet.
781 991 887 1063 Itaque
919 997 949 1046 et
978 988 1009 1045 in
1039 988 1184 1047 Achaiam
1218 990 1363 1065 legatos4

274 1095 358 1168 nisit,
380 1095 470 1153 simul
492 1096 543 1170 qui
563 1096 781 1153 iusiurandum
803 1095 857 1167 (ita
878 1094 954 1151 enim
975 1095 1155 1170 pepigerant,
1177 1096 1333 1170 quotannis

275 1209 413 1258 uratnros
438 1201 471 1258 in
494 1203 594 1285 'verba
619 1200 760 1276 Philippi)
789 1200 952 1274 exigerent,
979 1200 1067 1257 simul
1096 1200 1146 1274 qui
1180 1201 1335 1260 redderent

274 1306 382 1363 hehaeis
394 1304 603 1365 Orchomenon
625 1306 792 1364 etHercean
806 1314 836 1361 et
855 1306 1037 1381 Triphylian,
1062 1304 1142 1363 Eleis
1161 1306 1364 1380 Alipheramb

274 1412 506 1470 rontendentibus
528 1432 676 1487 nunquam
698 1431 763 1470 eam
785 1413 887 1469 urbem
909 1411 999 1469 fuisse
1022 1430 1059 1469 ex
1086 1411 1255 1486 Triphylia,
1282 1413 1333 1471 sed

274 1516 447 1574 nbidebere
469 1518 592 1589 restitui,
613 1519 683 1592 quia
704 1536 763 1574 una
783 1526 860 1574 esset
882 1534 919 1573 ex
940 1516 985 1584 iis,
1007 1534 1072 1591 qua
1090 1518 1129 1573 ad
1151 1518 1332 1576 condendam

274 1620 403 1695 Megalen
429 1621 519 1680 Polin
551 1642 588 1681 ex
614 1623 736 1681 concilio
762 1622 913 1679 Arcadum
942 1621 1112 1679 contributa
1133 1621 1237 1680 forent.
1294 1624 1364 1684 Etb

274 1742 331 1782 eum
358 1726 479 1784 Achaeis
505 1726 622 1801 quidem
654 1747 707 1803 per
724 1729 786 1784 hec
806 1719 975 1783 societatem
996 1728 1148 1798 firmabat;
1174 1730 1214 1786 ad
1234 1730 1334 1788 Mece-

275 1829 373 1888 donum
393 1831 511 1901 animos
532 1851 620 1907 quum
643 1832 820 1889 Heracliden
844 1832 969 1889 amicum
992 1833 1119 1890 maxime
1141 1834 1258 1892 invidias
1278 1836 1334 1893 sibi

277 1953 331 1994 essa
351 1945 498 2007 cerneret,
520 1937 617 1994 multis
649 1936 817 1994 criminibus
838 1947 991 1993 oneratum
1022 1936 1053 1993 in
1085 1937 1183 1995 vincla
1203 1940 1364 2011 coniecit,7

277 2039 377 2118 ingenti
398 2041 586 2117 popularium
609 2040 728 2116 gaudio.
783 2040 908 2109 Bellum,
929 2042 955 2098 si
977 2043 1094 2115 quando
1116 2062 1244 2117 unquam
1267 2050 1365 2108 autes

280 2147 357 2218 alias,
396 2158 459 2205 tum
496 2164 605 2221 magna
633 2164 704 2203 cura
726 2146 898 2221 apparavit,
935 2148 1122 2221 exercuitque
1141 2149 1171 2205 in
1194 2149 1282 2205 armis
1306 2158 1336 2208 et

280 2250 448 2328 hisoedonas
480 2261 510 2309 et
543 2252 736 2309 mercenarios
766 2251 886 2321 milites3
921 2252 1122 2328 principioque
1156 2254 1233 2310 veris
1268 2256 1365 2311 cumi)

281 2358 463 2433 Athenagora
494 2357 592 2414 omnia
613 2366 735 2414 externa
756 2358 883 2427 auxilia,
916 2357 1052 2432 quodque
1079 2358 1152 2415 levis
1179 2367 1335 2416 armatura

282 2473 346 2534 erat,
371 2463 402 2522 in
425 2462 589 2521 Chaoniam
621 2481 674 2538 per
693 2461 815 2538 Epirum
837 2462 876 2518 ad
897 2464 1097 2538 occupandas,
1127 2483 1192 2539 quar
1210 2463 1249 2521 ad
1272 2466 1336 2522 An·

280 2568 417 2644 tigoneam
437 2568 540 2627 fauces
560 2579 628 2625 sunt
651 2569 757 2643 (Stena
777 2577 885 2624 vocant
906 2567 1016 2644 Graeci)
1039 2569 1125 2626 misia
1173 2571 1243 2645 Ipse
1269 2579 1337 2645 post
1351 2551 1387 2606 ¹⁰

281 2675 370 2746 paucis
393 2675 497 2733 diebus
524 2675 662 2750 graviore
687 2684 804 2730 secutus
828 2672 960 2746 agmine,
988 2693 1076 2747 quum
1103 2675 1192 2731 situm
1220 2693 1336 2732 omnem

281 2779 398 2855 regionis
419 2780 621 2855 adspexisset,
641 2779 770 2836 maxime
795 2778 932 2835 idoneum
958 2777 997 2834 ed
1026 2779 1210 2839 muniendum
1238 2781 1336 2836 locum

283 2883 393 2941 aedidit
412 2902 478 2942 esse
498 2895 604 2960 praeter
625 2903 741 2943 amnem
762 2887 872 2942 Aoum.
905 2883 936 2940 Is
958 2883 1182 2955 intermontes,
1212 2903 1335 2958 quorum
1352 2884 1386 2938 11

283 2974 394 3048 iteum
414 2992 587 3065 Meropum,
615 2988 737 3045 alterurn
766 2991 901 3046 Asnaum
930 2987 1034 3044 incolas
1063 3000 1184 3060 vocant,
1211 2999 1338 3064 angusta

284 3094 348 3153 valle
360 3096 434 3165 fluit,
449 3095 506 3151 iter
520 3093 658 3168 exiguum
672 3112 760 3170 super
773 3095 866 3169 ripam
882 3094 1025 3168 praebens.
1054 3097 1188 3151 Asnaum
1205 3097 1337 3154 Athena·

283 3215 374 3272 goram
397 3219 464 3256 cum
486 3198 546 3256 levi
566 3208 717 3256 armatura
734 3209 832 3256 tenere
855 3208 884 3253 et
905 3199 1083 3256 communire
1103 3199 1199 3269 iubet3
1223 3200 1287 3274 ipse
1308 3201 1338 3258 ia

284 3303 395 3381 ilmopo
416 3304 516 3380 posuit
537 3314 658 3364 eastra..
687 3302 755 3375 Qua
774 3303 897 3360 abscisae
916 3322 1005 3378 rupes
1025 3313 1127 3375 erant,
1156 3305 1243 3361 statio
1264 3303 1390 3379 pau-12

286 3425 372 3467 eorum
393 3418 576 3468 armatorum
597 3407 728 3478 tenebat3
761 3427 820 3483 qua
840 3409 936 3466 minus
958 3420 1021 3466 tuta
1041 3420 1139 3477 erant,
1161 3409 1221 3465 alia
1240 3408 1339 3479 iossis,

287 3512 335 3573 tlh
352 3516 442 3585 vallo,
462 3514 523 3572 alia
543 3514 670 3572 turribus
692 3514 849 3570 muniebat.
891 3515 1002 3589 Magna
1022 3524 1231 3571 tormentorum
1250 3515 1338 3571 etiam
1354 3514 1390 3570 13

288 3618 332 3691 ria,
350 3631 382 3677 nt
404 3619 563 3678 missilibus
584 3619 687 3693 procul
707 3628 838 3675 arcerent
859 3621 987 3688 hostem,
1014 3619 1125 3676 idoneis
1146 3619 1218 3676 locis
1239 3619 1339 3695 dispo·

289 3724 396 3783 duest.
425 3723 787 3798 Tabernaculnmregium
804 3743 859 3798 pro
880 3724 969 3792 vallo,
991 3723 1021 3779 in
1040 3735 1197 3800 conspecto
1214 3725 1340 3783 maxime

290 3828 394 3901 umnlo,
414 3837 448 3885 ut
468 3837 609 3886 terrorem
631 3827 765 3885 hostibus
786 3828 904 3902 suisque
931 3848 1013 3904 spem
1036 3849 1074 3886 ex
1094 3830 1201 3887 fiducia
1220 3829 1340 3902 faceret,

291 3931 407 4003 positum.

335 4035 716 4112 ¹CarnsnlperCharopum
738 4037 880 4113 Epiroten
901 4037 1009 4095 certior
1027 4035 1133 4111 iactus,
1154 4059 1228 4115 quos
1248 4041 1340 4097 saltus
1413 4033 1435 4102 d

294 4153 344 4197 tun
369 4141 500 4199 exercitu
523 4140 677 4198 insedisset
701 4150 828 4211 rex,‚et
856 4142 936 4216 ipsa,
964 4161 1054 4217 quum
1083 4141 1220 4220 Corcyrae
1243 4145 1341 4201 hiber·

296 4255 382 4319 ssusa,
400 4265 472 4305 vere
485 4244 582 4321 primo
595 4244 627 4304 in
641 4245 834 4304 continentem
852 4256 1036 4307 transvectus
1050 4249 1089 4306 ad
1109 4250 1223 4306 hostem
1236 4248 1342 4307 ducere

316 4353 368 4396 iin'ts
381 4371 405 4398 es
416 4369 457 4398 ree.
470 4357 574 4406 ludvigii·
599 4357 624 4396 Υ.
1124 4358 1142 4400 4
