3484 5025
468 514 508 571 20
724 507 940 561 niserxxxvr.
979 508 1027 572 (A.
1041 523 1066 559 ιι.
1080 522 1102 559 0.
1113 508 1192 576 pes.)

378 700 408 754 lt
426 697 527 772 ignota
549 695 652 752 itinera
674 693 821 769 fugarent,
850 692 1006 767 dissipatos
1031 702 1248 768 oppresserunt.
1292 694 1352 751 Nec
1378 700 1455 768 pratu

427 803 609 877 quingentos,
632 801 680 873 qui
702 799 779 855 circa
800 815 896 872 regem
914 797 1040 865 fuerunt,
1062 818 1100 855 ex
1118 806 1180 854 toto
1196 799 1322 857 exercitu
1335 799 1453 872 quisquan

428 906 537 983 effugit,
559 907 646 963 etiam
669 925 705 962 ex
726 905 824 961 decem
849 904 974 960 millibus
991 904 1123 974 militurn,
1146 924 1221 979 quos
1234 906 1355 980 Polybio
1369 914 1455 962 aucun

427 1015 574 1071 traiecisse
587 1032 683 1070 secum
699 1030 796 1085 regam
812 1010 841 1066 in
855 1008 1000 1067 Graeciam
1017 1010 1195 1084 scripsimus,
1210 1011 1331 1087 exignus
1342 1028 1456 1080 numerus

380 1121 510 1195 taquid,
541 1120 566 1175 si
593 1118 706 1175 Antiati
729 1115 847 1172 Valerio
876 1115 1042 1184 credamus,
1072 1115 1228 1190 sexaginta
1255 1117 1343 1174 millia
1367 1117 1454 1173 mlius

427 1225 516 1282 luisse
548 1224 576 1280 in
608 1223 689 1296 regio
721 1221 848 1277 exercitu
878 1219 1028 1288 scribenti,
1066 1221 1272 1297 quadraginta*
1302 1222 1366 1279 inde
1394 1221 1456 1278 milit

428 1331 578 1398 cecidisse,
608 1346 697 1401 supra
724 1325 851 1399 quinque
876 1325 965 1381 millia
994 1335 1081 1400 capta
1108 1346 1173 1384 cum
1204 1327 1294 1402 signis
1323 1328 1457 1384 militaribus

379 1436 557 1494 reducentis
579 1431 717 1507 triginta?
762 1432 961 1488 Romanorum
993 1442 1105 1488 centum
1137 1432 1349 1508 quinquaginta
1373 1433 1456 1507 inipso

427 1540 584 1599 certamine
607 1556 726 1612 pugnas,
760 1538 797 1592 ab
826 1536 940 1592 incursu
965 1537 1133 1594 AEtolorum
1162 1548 1329 1597 satuentes
1348 1559 1398 1597 non
1413 1539 1456 1615 plu

428 1645 637 1720 quinquaginta
659 1643 801 1700 interlecti
822 1652 898 1698 sunt.

333 1747 374 1815 20
512 1749 638 1807 Consule
669 1768 722 1823 per
748 1748 906 1806 Phocidem
940 1756 969 1803 et
996 1747 1141 1804 Boeotiam
1178 1750 1336 1805 exercitum
1369 1748 1457 1804 ducenta

428 1856 549 1913 consciae
589 1854 757 1911 defectionis
797 1853 929 1910 civitates
969 1870 1032 1909 cum
1075 1853 1248 1910 velamentis
1289 1864 1355 1912 ante
1387 1861 1456 1928 portu

397 1963 545 2019 2stabaut
566 1971 659 2029 metu,
689 1979 726 2016 ne
752 1959 895 2015 hostiliter
922 1958 1127 2032 diriperentur3
1158 1970 1285 2016 ceterum
1316 1979 1367 2035 per
1388 1971 1456 2015 onus

430 2063 521 2142 [dies]
545 2067 624 2121 haurd
645 2083 728 2121 secus
750 2084 836 2138 quam
860 2066 889 2118 iu
907 2073 1012 2138 pacato
1035 2082 1121 2138 agro,
1146 2063 1209 2119 sine
1230 2063 1383 2121 violatione
1400 2060 1457 2119 ulla

427 2172 470 2229 rei
496 2190 599 2246 agmen
625 2171 778 2245 processit,
813 2170 905 2225 donec
933 2169 962 2224 in
985 2186 1086 2242 agrum
1110 2167 1275 2225 Coroneum
1304 2179 1409 2226 ventum
1424 2173 1457 2226 ut

398 2279 475 2337 slbi
504 2289 601 2333 statua
628 2276 704 2349 regis
732 2275 870 2331 Antiochi
900 2275 995 2348 posita
1030 2274 1059 2329 in
1087 2273 1196 2346 templo
1225 2274 1363 2332 Minervae
1387 2271 1457 2331 nonu

429 2382 500 2437 iram
517 2381 655 2448 accendit,
677 2380 906 2453 permissumque
930 2378 1011 2434 militi
1034 2390 1085 2447 est,
1107 2388 1139 2435 ut
1158 2379 1368 2437 circumiectum
1382 2375 1457 2452 tempu

428 2506 530 2562 agrum
566 2486 762 2561 popularetur.
824 2486 900 2542 Dein
938 2485 1075 2559 cogitatio
1109 2485 1236 2545 animum
1267 2487 1367 2555 subiit,
1397 2497 1456 2560 qnua

428 2592 571 2649 communi
591 2593 706 2647 decreto
725 2592 893 2646 Boeotorum
918 2592 1013 2664 posita
1034 2601 1110 2647 esset
1131 2602 1238 2661 statua,
1258 2593 1399 2666 indignum
1417 2605 1457 2647 est

396 2698 456 2759 nin
475 2717 562 2753 unum
580 2697 774 2753 Coronensem
793 2715 894 2769 agrum
913 2696 1021 2753 saevire.
1058 2671 1209 2753 Revocato
1229 2699 1371 2772 extemplo
1389 2695 1456 2760 milita

426 2803 490 2857 finis
504 2801 662 2874 populandi
674 2799 782 2868 factum
800 2801 933 2874 castigati
952 2812 1062 2857 tantum
1076 2803 1173 2858 verbis
1186 2804 1282 2860 Boeoti
1298 2806 1335 2860 ob
1347 2805 1456 2877 ingratos

426 2905 455 2961 in
479 2906 566 2961 tantis
588 2917 705 2979 teneque
731 2907 892 2962 recentibus
920 2907 1065 2963 beneficiis
1088 2907 1215 2964 animum
1239 2927 1310 2983 erga
1331 2911 1456 2966 Romanos

397 3018 413 3070 5
510 3010 590 3066 Inter
626 3012 718 3085 ipsum
755 3031 859 3087 pugnae
896 3021 1009 3086 tempus
1045 3014 1143 3069 decem
1178 3031 1268 3069 naves
1305 3015 1387 3088 regiae
1416 3024 1457 3067 cun

426 3114 561 3189 praefecto
599 3115 714 3172 Isidoro
759 3118 797 3173 ad
829 3119 990 3174 Thronium
1033 3119 1062 3175 in
1101 3120 1165 3176 sinu
1203 3118 1331 3176 Maliaco
1365 3119 1458 3175 stabant

425 3221 470 3276 Eo
504 3221 602 3294 gravis
635 3222 799 3278 vulneribus
831 3223 1001 3279 Alexander
1034 3228 1174 3281 Acarnan
1209 3224 1327 3281 nuntius
1361 3223 1459 3280 advena

425 3345 529 3400 pugnae
557 3347 643 3401 quum
671 3327 859 3401 perfugisset,
896 3329 1014 3403 trepidae
1047 3329 1113 3385 inde
1139 3330 1247 3386 recenti
1269 3340 1378 3387 terrore
1397 3338 1459 3384 navet

425 3430 559 3488 Cenaeum
576 3434 695 3489 Euboeae
710 3433 862 3506 petierunt.
901 3433 946 3489 Ihi
963 3443 1093 3490 mortuus
1108 3437 1298 3510 sepultusque
1313 3431 1459 3493 Alexander.

394 3537 508 3605 6Tre8,
531 3557 595 3611 quae
617 3558 654 3594 ex
676 3538 750 3595 Asia
771 3537 909 3611 profectae
932 3539 1052 3594 eundem
1076 3551 1191 3613 portum
1215 3547 1459 3609 teruennenses

425 3643 524 3698 audita
547 3644 689 3699 exercitus
711 3643 793 3701 clade
815 3644 962 3718 Ephesum
986 3645 1140 3702 redierunt.
1182 3647 1315 3703 Isidorus
1331 3649 1367 3703 ab
1382 3643 1459 3702 cena

394 3747 655 3819 7Demetrindem,
684 3749 708 3805 si
729 3748 804 3805 forte
827 3767 861 3804 eo
885 3747 1008 3804 deferret
1031 3748 1102 3824 fuga
1123 3770 1238 3824 regem,
1262 3752 1383 3809 traiecit,
1422 3747 1461 3804 Pe

424 3851 539 3906 eosdem
573 3852 633 3907 dies
667 3857 704 3912 A.
737 3854 845 3911 Atilius
877 3853 1029 3927 praefectus
1062 3857 1202 3912 Romanae
1235 3857 1336 3913 classis
1368 3863 1460 3928 magea!

422 3956 518 4030 regios
541 3968 727 4026 commeatus,
749 3958 806 4013 iam
829 3957 949 4028 fretum,
975 3960 1053 4031 quod
1076 3960 1112 4016 ad
1135 3962 1267 4017 Andrum
1293 3961 1408 4018 insulam
1425 3960 1459 4017 eti

393 4065 639 4135 8praetervectos,
671 4063 797 4136 excepit3
832 4062 905 4118 alias
939 4065 1051 4133 mersit,
1085 4066 1157 4122 alias
1185 4068 1261 4141 cepit
1287 4083 1386 4132 navem
1415 4071 1460 4133 qu&

421 4165 571 4250 nouissimi
593 4166 715 4239 agminis
737 4177 832 4235 erant,
858 4186 971 4224 cursum
996 4170 1024 4225 in
1047 4170 1150 4226 Asiam
1173 4182 1330 4228 verterunt.
1376 4163 1460 4225 Atillssl

420 4270 561 4341 Piraeum,
592 4270 668 4325 unda
698 4270 844 4344 profectus
865 4283 937 4343 erat,
959 4293 1024 4330 cum
1040 4275 1159 4348 agmine
1172 4276 1351 4350 captivarum
1366 4269 1459 4329 navium
