3484 5025
394 496 449 553 tre
496 467 499 473 ’
554 454 584 552 J
644 482 872 555 niteamus.
909 480 1128 561 (ameum.)

348 657 444 746 meent,
466 675 496 732 vi
517 674 661 747 ademptae
681 686 881 747 possessaque
904 666 942 723 ab
958 665 1069 726 AEtolis
1093 664 1197 728 forent
1216 666 1293 735 (nam
1305 663 1393 740 Philip

349 803 417 859 pum
439 780 550 840 AEtolis
572 776 715 835 ademisse
737 791 787 831 eas
803 773 978 840 constabat),
995 789 1034 827 an
1055 770 1191 829 AEtolica
1208 770 1355 845 antiquitus
1371 789 1395 828 aa

318 897 335 952 5
349 888 458 965 oppida
471 885 606 944 fuissent:
629 883 671 939 ita
693 880 767 938 enim
782 878 908 936 Acilium
927 876 988 951 regi
999 876 1191 945 concessisse,
1214 876 1239 933 si
1252 876 1396 940 AEtolonm
1414 919 1418 928 .

265 981 268 988 ¹
347 993 479 1062 fuissent,
507 1000 536 1049 et
556 989 582 1047 si
609 987 775 1056 voluntate,
802 1002 861 1041 non
889 982 913 1039 si
942 983 973 1040 vi
1001 990 1091 1055 atque
1118 982 1211 1039 ermis
1226 983 1328 1040 coemi
1350 1002 1396 1041 cun

317 1098 458 1164 6AEtolis
480 1103 585 1155 meent.
629 1091 768 1150 Eiusdem
791 1087 924 1147 formulas
943 1086 1115 1162 disceptatio
1137 1086 1177 1143 de
1200 1088 1397 1148 Perrhaeborun
1433 1075 1436 1138 l

348 1206 577 1279 Magnetumque
599 1198 713 1275 oppidis
737 1195 804 1263 fuit3
834 1192 962 1250 omnium
982 1191 1057 1249 enim
1081 1192 1146 1250 iura
1170 1173 1343 1268 pbssidendo
1361 1214 1401 1270 per

319 1309 515 1373 toccasiones
547 1304 642 1365 AEtoli
675 1303 857 1360 miscuerant.
914 1298 963 1357 Ad
1000 1298 1076 1368 hac,
1110 1316 1177 1372 quas
1206 1299 1399 1375 disceptationis

347 1424 441 1483 erant,
473 1412 597 1488 querele
618 1407 827 1467 Thessalorum
849 1403 979 1475 adiectae,
1007 1404 1086 1477 qood
1108 1424 1145 1461 ea
1168 1405 1290 1481 oppida,
1317 1405 1399 1490 siian
1435 1419 1437 1480 ζ

318 1520 538 1584 8redderentur
568 1516 634 1585 sibi,
661 1513 788 1591 spoliata
817 1528 852 1568 ac
881 1510 996 1587 deserta
1025 1509 1195 1568 redditurus
1227 1522 1319 1580 esset;
1342 1501 1399 1592 :neu
1435 1539 1438 1544 ·

348 1637 453 1702 praeter
475 1623 542 1681 belli
563 1621 679 1679 casibus
701 1617 834 1686 amissos,
856 1615 1030 1690 quingentos
1052 1616 1202 1693 principes
1223 1597 1400 1675 iuventutiaia

348 1728 552 1788 Macedoniarn
587 1724 753 1792 abduxisse,
786 1732 815 1779 et
842 1718 934 1796 opera
962 1738 1062 1777 eorum
1093 1722 1122 1779 in
1153 1722 1311 1780 servilibus
1339 1719 1401 1779 abuti
1435 1741 1438 1804 q

349 1834 523 1902 ministeriis,
557 1843 585 1889 et
614 1849 679 1906 quaa
707 1826 867 1887 reddiderit
897 1834 1015 1883 coactus
1045 1826 1216 1905 Thessalis,
1250 1811 1358 1885 inutilia
1379 1837 1402 1884 st
1436 1841 1439 1866 ¹

318 1941 491 2010 9redderet,
514 1954 638 1995 curasse.
675 1933 794 1992 Thebas
817 1931 940 1989 Phthias
961 1950 1049 1989 unum
1062 1933 1242 1991 maritimum
1262 1932 1402 2010 emporium

348 2046 438 2105 fuisse
466 2042 614 2119 quondam
655 2038 816 2108 Thessalis,
853 2048 1049 2112 quaestuosum
1081 2048 1111 2094 et
1148 2036 1337 2113 frugiferum
1373 2039 1403 2097 ibi
1437 2083 1439 2106 ;

348 2152 472 2209 navibus
500 2146 641 2205 onerariis
662 2143 839 2219 comparatis
860 2161 974 2219 regem,
1002 2161 1066 2217 quae
1087 2153 1196 2217 prater
1217 2146 1337 2203 Thebas
1357 2146 1402 2203 De·

349 2255 519 2313 metriadem
541 2270 656 2310 cursum
677 2249 842 2324 dirigerent,
862 2248 1088 2324 negotiationem
1106 2249 1287 2308 maritimam
1310 2270 1404 2309 omnen
1438 2233 1440 2296 l

300 2366 384 2420 llleo
412 2360 560 2419 avertisse.
613 2357 678 2413 Iam
703 2373 740 2411 ne
773 2373 791 2411 a
819 2353 924 2429 legatis
953 2354 1085 2428 quidem,
1118 2356 1169 2429 qui
1198 2357 1265 2415 iure
1296 2357 1404 2433 gentium

349 2467 441 2526 sancti
469 2465 534 2534 sint,
568 2461 712 2521 violandis
740 2460 898 2529 abstinere;
932 2458 1051 2516 insidias
1077 2459 1193 2535 positas
1223 2465 1356 2521 euntibus
1377 2462 1404 2520 ad

301 2579 332 2632 ll
350 2575 386 2631 T.
410 2572 585 2646 Quinctium.
625 2570 730 2642 Itaque
752 2585 822 2641 crgo
844 2566 873 2621 in
896 2575 1005 2622 tantum
1019 2577 1126 2622 metum
1144 2586 1250 2626 omnes
1266 2571 1294 2628 T
1296 2570 1405 2627 bessalot

350 2679 506 2745 coniectos,
528 2686 638 2731 utnon
661 2674 689 2729 iu
705 2672 870 2730 civitatibus
892 2671 961 2740 suis,
983 2667 1040 2726 non
1062 2671 1090 2727 in
1113 2676 1322 2732 communibus
1332 2675 1406 2752 gentis

350 2782 478 2842 conciliis
500 2780 653 2856 quisquam
676 2778 787 2835 hiscere
809 2777 932 2845 audeat;
956 2775 1056 2851 procul
1078 2778 1154 2834 enim
1168 2780 1276 2838 abesse
1288 2780 1406 2838 libertatis

352 2897 485 2946 auctores
509 2889 674 2951 Romanos3
703 2883 787 2940 lateri
817 2882 965 2939 adhaererc
993 2900 1113 2956 gravem
1140 2883 1306 2957 dominum,
1328 2884 1406 2962 proli

351 2993 466 3049 beatem
499 2992 540 3048 uti
575 2991 720 3047 beneficiis
745 2987 846 3065 populi
875 2987 1009 3045 Romani.
1053 2988 1132 3061 Quid
1170 3000 1282 3060 autem,
1311 2991 1335 3048 si
1363 3005 1406 3044 vox

302 3097 443 3160 l2libera
475 3116 533 3153 non
563 3097 609 3163 sit,
641 3096 762 3152 liberum
798 3091 882 3150 esse?
914 3093 1001 3150 Nunc
1029 3113 1061 3150 se
1092 3095 1204 3152 fiducia
1234 3107 1265 3153 et
1295 3085 1406 3172 prasidio
1433 3132 1440 3147 .

351 3203 512 3278 legatorum
542 3202 731 3276 ingemiscere
768 3200 861 3274 magis
895 3218 982 3274 quam
1011 3200 1100 3273 loqui.
1155 3201 1224 3259 Nisi
1257 3201 1406 3278 provideat
1441 3206 1443 3227 ²

352 3306 461 3382 aliquid
483 3308 618 3379 Romani,
640 3326 698 3382 quo
721 3317 750 3362 et
771 3305 884 3364 Graecis
905 3305 1111 3362 Macedoniam
1140 3307 1343 3365 accolentibus
1361 3323 1405 3363 me·

351 3424 397 3470 tus
419 3422 448 3469 et
471 3412 594 3467 audacia
609 3396 746 3487 Philippo
762 3411 923 3492 minuatur,
945 3410 1139 3484 nequicquam
1163 3424 1194 3468 et
1215 3412 1299 3469 illum
1321 3413 1404 3469 victuro

303 3524 381 3579 lsset
411 3537 443 3574 se
473 3517 611 3573 liberatos
646 3535 718 3574 esse.
773 3516 816 3575 Ut
849 3534 955 3590 equum
988 3525 1119 3572 tenacem
1156 3516 1226 3592 [non
1259 3511 1404 3595 parentem]

303 3621 441 3685 ltlrenis
467 3621 664 3697 asperioribus
692 3621 893 3696 castigandum
922 3639 995 3678 esse.
1046 3621 1119 3678 Haec
1148 3625 1259 3681 acerbe
1281 3618 1404 3699 postremi,

353 3746 441 3802 quum
478 3727 591 3802 priores
622 3726 725 3783 leniter
761 3710 979 3802 permulsissent
1011 3726 1085 3783 iram
1120 3727 1184 3783 eius
1217 3741 1359 3803 petentes,
1382 3731 1404 3779 ut

305 3832 515 3907 t5ignosceret
543 3851 596 3906 pro
625 3832 757 3889 libertate
789 3831 990 3907 loquentibus,
1025 3842 1054 3887 et
1075 3844 1115 3900 ut,
1150 3833 1291 3908 deposita
1320 3826 1403 3890 domini

353 3938 522 4006 acerbitate,
549 3948 728 3994 assuesceret
749 3938 860 3994 socium
884 3947 972 4011 atque
994 3937 1117 3993 amicum
1140 3955 1207 3996 sese
1239 3941 1404 4014 praestereat

352 4042 515 4100 imitaretur
536 4041 674 4115 populum
697 4042 872 4110 Romanum,
895 4043 945 4117 qui
967 4042 1088 4099 caritate
1110 4061 1200 4116 quem
1224 4057 1306 4101 metu
1325 4043 1402 4101 adiun-

304 4155 340 4209 16
352 4165 423 4222 gere
446 4148 501 4204 sibi
522 4146 618 4202 socios
640 4145 747 4202 mallet.
780 4148 931 4205 Thessalis
954 4147 1068 4216 auditis,
1080 4148 1233 4206 Perrhaebi
1249 4150 1402 4208 Gonnocon-

354 4252 463 4328 dylum,
493 4250 571 4327 quod
600 4250 753 4328 Philippus
784 4251 988 4328 Olympiadem
1011 4252 1224 4328 appellaverat,
1255 4251 1407 4314 Pennana
