3484 5025
573 492 651 544 uuor
666 492 769 545 xm
810 470 917 557 (aci.
934 493 1008 557 eoo.)
1262 497 1280 553 9

256 672 385 729 exercitu
421 690 476 730 suo
512 674 584 731 satis
619 675 745 749 preasidii
775 674 886 732 colonia
917 676 1118 733 laborantibus
1148 674 1227 746 fore,
1268 676 1325 735 uisi

257 778 386 850 quinque
405 778 497 834 millia
516 778 627 859 socium
649 779 844 854 quadraginta
865 779 991 836 millibus
1013 780 1138 837 hostium
1169 782 1225 853 (tot
1248 781 1324 838 enim

256 880 285 935 in
305 882 397 939 armis
419 886 494 952 esse)
523 882 695 939 trucidanda
724 884 850 940 obiicere
877 884 962 954 velit,
993 894 1023 941 et
1050 894 1141 947 tanta,
1161 903 1215 942 sua
1243 885 1325 942 clade

260 984 315 1041 iam
343 985 463 1043 inflatos
491 987 606 1044 excidio
630 988 751 1045 coloniae
770 989 913 1046 Romana
935 990 1035 1064 augeri
1056 982 1182 1046 hostium
1202 990 1324 1051 animos.

260 1088 312 1146 His
332 1089 439 1146 litteris
459 1091 587 1148 recitatis
608 1092 813 1163 decreverunt,
842 1100 876 1150 ut
905 1090 938 1152 C.
959 1094 1098 1151 Aurelius
1120 1095 1221 1152 consul
1242 1114 1325 1152 exer·
1383 1090 1419 1158 ll

262 1195 362 1266 citum,
385 1196 434 1253 oui
453 1197 485 1252 iu
505 1196 654 1253 Etruriam
676 1196 714 1253 ad
735 1196 964 1254 conveniendum
987 1197 1062 1254 diem
1087 1199 1232 1268 edixerat,
1255 1199 1325 1256 Ari·

263 1300 325 1358 mini
346 1301 451 1358 eadem
473 1301 521 1357 die
540 1302 643 1358 adesse
663 1301 784 1371 iuberet,
806 1308 835 1357 et
856 1308 907 1357 aut
927 1301 1001 1375 ipse,
1021 1300 1046 1356 si
1066 1322 1119 1378 par
1141 1303 1355 1360 commodum2

262 1406 444 1482 reipublicae
464 1415 578 1480 posset,
601 1406 639 1462 ad
664 1406 885 1479 opprimendum
909 1404 1056 1463 Gallicum
1080 1408 1232 1463 tumultum
1257 1426 1325 1481 pro·

264 1511 450 1581 fiaisceretur,
471 1520 523 1567 aut
544 1509 581 1582 Q.
601 1510 761 1582 Minucio*)
783 1510 900 1584 pretori
921 1510 1076 1583 scriberet,
1102 1520 1148 1580 ut,
1175 1529 1264 1583 quum
1287 1509 1357 1570 ad3

266 1632 323 1670 eum
351 1614 484 1689 legiones
512 1634 549 1672 ex
576 1614 696 1672 Etruria
724 1614 885 1685 venissent,
917 1615 1013 1670 missis
1043 1616 1073 1671 in
1103 1614 1195 1671 vicem
1225 1633 1325 1672 aarum

268 1718 387 1792 quinque
401 1718 528 1775 millibus
541 1717 695 1788 sociorum,
716 1737 780 1791 quae
796 1719 910 1775 interim
922 1720 1047 1776 Etruria)
1065 1719 1200 1793 praesidio
1221 1728 1324 1786 esseut,

267 1823 489 1895 proficisceretur
504 1823 569 1898 ipsa
581 1824 619 1879 ad
634 1822 778 1879 coloniam
793 1823 975 1880 liberandam
989 1824 1148 1883 obsidione.
1197 1824 1324 1907 Legatos
1337 1832 1355 1885 4

268 1926 324 1982 item
354 1927 512 1984 mittendos
538 1928 569 1984 in
589 1926 725 1985 Africam
747 1937 935 1998 censuerunt,
964 1928 1081 1985 eosdem
1108 1925 1325 2000 Carthaginem,

270 2030 375 2086 medem
396 2031 429 2086 in
448 2030 618 2088 Numidiam
641 2030 680 2087 ad
701 2030 907 2103 Masinissam,
930 2031 1151 2108 Carthaginem,
1174 2042 1205 2088 ut
1228 2031 1325 2087 nunti-

271 2146 353 2205 arent,
374 2135 470 2192 civem
494 2154 595 2193 eorum
617 2135 816 2192 Hamilcarem
832 2136 971 2193 relictum
992 2138 1022 2193 iu
1043 2137 1144 2195 Gallia
1165 2137 1255 2209 (haud
1276 2144 1356 2196 ιιι-5

270 2238 297 2293 tis
314 2240 398 2309 scire,
421 2258 460 2295 ex
475 2239 670 2296 Hasdrubalis
691 2240 771 2314 prius
792 2259 830 2296 an
852 2259 889 2297 ex
905 2242 1041 2316 Magonis
1056 2251 1159 2315 postea
1175 2239 1326 2314 exercitu),

272 2342 363 2401 bellum
392 2352 496 2401 contra
524 2342 619 2400 foedus
648 2343 755 2414 facere,
788 2345 931 2401 exercitus
954 2344 1108 2403 Gallorum
1128 2345 1356 2418 Ligurumqueb

234 2479 236 2484 ·
274 2450 403 2506 univisse
432 2448 472 2505 ad
500 2467 585 2505 arma
610 2458 712 2506 contra
725 2450 873 2525 populum
894 2451 1073 2519 Romanum
1102 2467 1182 2520 eum,
1210 2449 1235 2506 si
1264 2466 1328 2523 pax

273 2554 403 2626 placeret,
432 2553 630 2610 revocandum
650 2555 708 2610 illis
730 2565 759 2611 et
779 2555 942 2611 dedendum
964 2553 1080 2628 populo‘
1097 2556 1232 2612 Romano
1255 2574 1327 2613 esse.

220 2678 221 2730 ι
274 2656 356 2716 Simul
374 2659 512 2716 nuntiare
531 2659 617 2730 iussi,
644 2658 783 2734 perfugas
811 2659 868 2716 sibi
895 2678 953 2715 non
981 2678 1081 2716 omues
1107 2660 1236 2716 redditos
1264 2661 1357 2716 eesel

220 2749 221 2843 l
275 2779 300 2819 to
325 2781 464 2837 magnam
492 2771 606 2838 partem
636 2782 735 2820 eorum
766 2763 865 2838 palam
892 2760 1063 2839 Carthagini
1086 2764 1235 2821 obversari
1258 2764 1330 2832 dici;

220 2850 222 2985 ι
275 2883 335 2938 quos
366 2867 576 2941 comprehendi
607 2867 797 2941 conquirique
830 2868 952 2938 debere,
990 2878 1023 2924 ut
1059 2869 1116 2926 sibi
1152 2888 1189 2924 ax
1219 2867 1330 2925 foedere

220 2988 222 3081 p
274 2973 461 3031 restituantur.
514 2971 588 3027 Haec
619 2971 655 3026 ad
687 2969 942 3046 Carthaginienses
971 2973 1118 3029 mandata.
1166 2970 1361 3029 Masinissae8
1456 2951 1459 2957 ⁴

220 3095 222 3117 ι
274 3077 405 3148 gratulari
426 3075 512 3144 iussi,
541 3075 619 3147 quod
639 3094 699 3131 non
720 3077 846 3151 patrium
869 3078 957 3133 modo
978 3084 1178 3150 recuperasset
1199 3093 1330 3148 rognum,
1447 3085 1455 3090 '

274 3183 315 3237 sod
334 3189 420 3257 parte
440 3180 646 3237 florentissima
659 3181 803 3256 Syphacis
824 3183 924 3238 finium
947 3181 1061 3238 adiecta
1082 3180 1169 3236 etiam
1193 3180 1330 3236 auxisset.

237 3307 240 3312 ·
274 3282 407 3342 Nuntiare
427 3293 569 3359 praeterea
587 3286 669 3357 iussi,
689 3286 798 3343 bellum
820 3305 887 3343 cum
909 3304 979 3360 rege
997 3285 1135 3361 Philippo
1157 3283 1361 3356 susceptum,9

220 3408 222 3449 t
275 3391 341 3461 quod
372 3388 630 3464 Carthaginienses
663 3391 780 3448 auxiliis
807 3390 944 3458 iuvisset,
976 3388 1154 3462 iniuriasque
1181 3387 1331 3444 inferendo
1349 3390 1382 3442 10

220 3470 222 3491 ’
274 3494 349 3551 sociis
372 3495 475 3570 populi
494 3495 636 3564 Romani,
663 3496 806 3568 flagrante
827 3494 904 3551 bello
926 3493 1028 3562 Italia,
1055 3491 1197 3565 coegisset
1224 3489 1332 3544 classes

273 3599 467 3672 exercitusque
486 3598 517 3655 in
539 3599 685 3657 Graeciam
706 3600 797 3670 mitti,
825 3609 854 3655 et
883 3597 1045 3655 distinendo
1068 3596 1168 3669 copias
1190 3612 1279 3651 causa
1301 3593 1333 3650 in

272 3703 365 3776 primis
385 3702 491 3760 fuisset
509 3703 602 3760 sarius
622 3704 653 3760 in
671 3703 804 3761 Africam
827 3702 1001 3771 traiiciendi3
1023 3709 1219 3776 peterentque,
1241 3707 1272 3754 ut
1294 3697 1334 3754 ad

272 3807 296 3864 id
315 3810 422 3867 bellum
445 3807 572 3864 mitteret
592 3808 702 3865 auxilia
725 3807 1080 3879 Numidarumequituru.
1123 3805 1212 3859 Dona
1234 3802 1334 3876 ampla
1348 3802 1381 3857 ll

272 3913 343 3985 data,
365 3932 432 3987 quar
448 3912 558 3970 ferrent
574 3912 646 3986 regi,
667 3929 740 3969 vasa
762 3930 852 3968 aurea
874 3919 1088 3986 argenteaque,¹
1101 3915 1171 3978 toga
1186 3922 1335 3977 purpurea

272 4027 298 4072 et
320 4019 452 4092 palmata
479 4017 578 4074 tunica
607 4036 673 4074 cum
703 4017 829 4073 eburneo
863 4016 992 4089 scipione
1028 4024 1057 4070 et
1088 4022 1159 4085 toga
1190 4018 1332 4082 praetsxta

272 4139 331 4178 oum
354 4123 448 4180 ouruli
468 4122 554 4192 sella;
583 4121 712 4195 iussique
732 4121 878 4195 polliceri,
900 4119 1015 4192 siquid
1036 4118 1077 4174 eis
1099 4115 1138 4172 ad
1157 4113 1331 4172 firmandum
1348 4122 1382 4176 12

293 4344 318 4410 ⁹)
335 4347 365 4396 L.
383 4345 483 4397 Furio
502 4347 581 4397 scribi
600 4345 701 4407 debuit3
719 4343 769 4394 nisi
787 4358 882 4394 nomen
900 4361 917 4393 a
931 4344 1036 4394 librario
1054 4345 1170 4393 additum
1189 4350 1242 4394 est:
