3484 5025
537 533 541 539 ·
586 536 665 585 mser
681 535 782 584 xxxi.
818 537 866 599 (a,
882 534 930 586 cn.
945 538 1018 601 roo.)
1255 540 1291 594 37

261 716 361 772 iubere
376 736 462 773 arma
478 738 592 795 capere,
609 721 682 776 alios
699 719 842 775 dimittere
857 721 896 776 cd
910 719 1101 790 revocandos,
1116 721 1165 794 qui
1181 721 1271 796 palati
1284 740 1337 796 per

263 841 351 897 agros
378 824 599 899 praedabantur3
636 833 775 898 tantaque
799 826 954 899 trepidatio
983 824 1051 895 fuit,
1082 834 1113 880 ut
1140 826 1203 881 sine
1229 826 1334 901 gladiis

263 930 382 1002 quidam
405 930 537 1003 equitum
559 929 683 998 exirent,
711 929 818 986 loricas
846 931 977 1005 plerique
1004 941 1062 987 non
1083 931 1242 987 induerent.
1289 933 1336 989 lta
1353 932 1387 986 13

262 1035 368 1108 ruptim
392 1035 499 1103 educti,
523 1053 611 1109 quum
633 1043 834 1091 sexcentorum
857 1054 934 1111 tegre
948 1038 1033 1093 simul
1044 1038 1155 1110 equites
1167 1036 1336 1111 peditesque

263 1157 413 1196 numerum
440 1140 620 1214 explessent,
655 1139 784 1196 incidunt
814 1140 843 1195 in
873 1141 984 1215 regium
1015 1141 1173 1214 equitatum
1203 1161 1335 1211 numero,

264 1243 351 1298 armis
373 1244 538 1318 animisque
561 1253 753 1318 praestantem.
809 1245 915 1319 Itaque
936 1246 1029 1319 primo
1051 1246 1160 1320 impetu
1183 1248 1255 1317 fusi,
1284 1248 1336 1305 vix
1353 1251 1385 1302 14

265 1358 373 1405 tentato
396 1350 573 1418 certamine,
603 1349 680 1423 turpi
701 1348 773 1424 fuga
794 1360 928 1425 repetunt
952 1361 1064 1421 castra3
1097 1352 1162 1407 caesi
1190 1352 1334 1427 captique,

265 1472 335 1528 quos
371 1456 485 1529 equites
520 1456 558 1511 ab
585 1455 700 1529 agmine
729 1454 899 1529 fugientium
930 1456 1124 1513 interclusere.
1181 1456 1334 1530 Philippus
1384 1450 1427 1517 42

265 1561 318 1615 iam
342 1561 403 1616 suis
425 1560 505 1616 v'allo
528 1560 829 1634 appropinquantibus
850 1561 978 1636 receptui
997 1561 1061 1617 cani
1076 1562 1173 1630 iussit;
1195 1560 1334 1635 fatigatos

267 1667 336 1722 enim
357 1684 451 1739 equos
472 1665 611 1738 virosque
631 1683 690 1719 non
712 1675 771 1720 tum
794 1665 896 1739 proelio
919 1684 1007 1738 quam
1023 1666 1133 1723 itineris
1144 1667 1230 1722 simul
1240 1667 1335 1742 longi·

267 1772 368 1840 tudine,
391 1771 479 1827 simul
502 1788 689 1844 praepropera
713 1770 859 1826 celeritate
881 1771 1016 1827 habebat.
1063 1772 1168 1845 Itaque
1187 1771 1365 1828 turmatim2

267 1877 387 1950 equites,
418 1877 447 1932 in
480 1876 572 1932 vicem
605 1874 768 1948 manipulos
795 1875 867 1931 levis
893 1885 1047 1931 armatura
1077 1886 1215 1949 aquatum
1243 1878 1285 1934 ire
1307 1888 1336 1935 et

267 1982 407 2055 prandere
433 1982 527 2049 iubet,
557 1980 631 2035 alios
659 1980 688 2034 in
717 1980 841 2035 statione
871 1991 1000 2037 armatos
1016 1979 1147 2050 retinet,
1180 1983 1367 2057 opperiens3

220 2137 221 2144 ,
269 2104 366 2160 agmen
397 2085 527 2160 peditum
556 2084 666 2140 tardius
695 2084 811 2140 ductum
838 2096 957 2160 propter
978 2086 1151 2160 gravitatem
1174 2106 1330 2143 armorum.

270 2190 348 2263 Quod
375 2192 427 2247 ubi
455 2190 585 2260 advenit,
621 2199 650 2245 et
685 2189 756 2263 ipsis
783 2190 978 2273 imperatum,
1017 2200 1062 2260 ut,
1095 2193 1210 2248 statutis
1242 2192 1364 2267 signiae

223 2269 225 2276 Ι
270 2297 408 2369 armisque
431 2305 500 2351 ante
521 2313 552 2351 se
574 2295 685 2369 positis,
709 2294 815 2367 raptim
838 2295 934 2351 cibum
957 2307 1093 2369 caperent
1113 2298 1186 2352 binis
1209 2298 1333 2353 ternisve

220 2385 228 2418 ²
270 2419 405 2458 summum
437 2421 474 2457 ex
504 2399 658 2473 manipulis
688 2399 815 2472 aquandi
845 2418 935 2456 causa
963 2400 1072 2470 missis3
1102 2401 1214 2458 interim
1245 2419 1332 2474 eques

220 2522 227 2563 t
269 2524 323 2562 cum
345 2506 404 2563 levi
433 2517 583 2562 armatura
605 2515 725 2580 paratus
748 2505 962 2580 instructusque
984 2506 1076 2577 stetit,
1100 2508 1124 2563 si
1149 2507 1216 2581 quid
1239 2508 1331 2564 hostis

220 2600 223 2617 ‘
269 2622 397 2668 moveret.
432 2612 526 2667 AEtoli
550 2613 620 2682 (iam
638 2611 712 2666 enim
732 2620 775 2682 et,
797 2630 862 2684 quae
881 2631 935 2686 per
953 2630 1041 2686 agros
1059 2630 1162 2687 sparsa
1179 2614 1364 2671 multitud05

267 2714 361 2785 inerat,
383 2727 556 2790 receperant
578 2735 609 2772 se
629 2717 659 2771 in
682 2716 790 2786 castra)
812 2727 845 2772 ut
867 2715 1013 2773 defensuri
1036 2717 1222 2787 munimenta,
1253 2721 1331 2776 circa

269 2830 359 2892 portae
379 2821 550 2896 vallumque
572 2832 701 2878 armatos
723 2823 894 2897 disponunt,
922 2822 990 2878 dum
1019 2822 1133 2895 quietos
1156 2825 1254 2880 hostes
1276 2822 1332 2897 ipsi

270 2922 370 2982 feroces
394 2946 431 2983 ex
454 2936 515 2984 tuto
538 2929 717 3001 spectabant.
761 2905 924 3002 Postquam
945 2935 1025 2983 mota
1039 2927 1123 3000 signa
1136 2929 1363 2985 Macedonumd

271 3041 327 3086 sunt
356 3042 386 3087 et
417 3033 572 3088 succedere
601 3032 638 3087 ad
668 3032 776 3087 vallum
805 3033 901 3105 parati
932 3041 1020 3105 atque
1048 3032 1177 3088 instructi
1207 3051 1329 3107 coepere,

271 3145 377 3207 tepente
396 3155 498 3192 omnes
517 3136 624 3192 relictis
642 3137 815 3193 stationibus
832 3156 884 3210 per
899 3128 1031 3193 aversam
1044 3149 1155 3210 partem
1168 3151 1329 3195 castrorum

233 3290 235 3295 .
273 3237 302 3292 ad
324 3240 465 3296 tumulum
495 3241 531 3295 ad
554 3250 651 3296 castra
672 3244 871 3298 Athamanum
894 3241 1075 3316 perfugiunt3
1108 3244 1188 3299 multi
1217 3244 1245 3300 in
1275 3247 1330 3302 hac

233 3358 235 3363 ’
273 3360 376 3418 quoque
419 3355 480 3400 tam
519 3345 632 3420 trepida
658 3344 739 3420 ,fuga
779 3348 857 3422 capti
897 3347 1020 3421 caesique
1056 3359 1123 3404 sunt
1150 3350 1328 3409 AEtolorum.

275 3447 429 3525 Philippus,
459 3451 484 3506 si
515 3451 586 3506 satis
617 3452 673 3508 diei
700 3461 879 3525 superesset,
908 3470 965 3507 non
991 3452 1110 3523 dubins,
1142 3455 1210 3528 quin
1232 3455 1358 3513 Atha-⁷

276 3537 359 3611 menes
382 3573 500 3629 quoque
522 3557 588 3612 exui
611 3558 713 3613 castris
732 3557 902 3631 potuissent,
924 3557 970 3612 die
991 3577 1045 3631 per
1061 3559 1202 3630 proelium,
1225 3561 1328 3619 deinde

276 3674 314 3728 per
333 3660 521 3735 direptionem
545 3671 705 3718 castrorum
729 3663 899 3737 absumpto,
925 3662 978 3717 sub
1006 3662 1116 3718 tumulo
1140 3665 1169 3719 in
1192 3667 1327 3739 proxima
1412 3722 1414 3729 ,

276 3760 377 3833 planitie
392 3765 532 3832 consedit,
548 3766 643 3839 prima
659 3766 723 3821 luce
739 3766 916 3840 insequentis
934 3765 989 3821 diei
1003 3757 1116 3821 hostem
1129 3785 1327 3840 aggressurus.

278 3863 320 3923 Sed
340 3870 435 3927 AEtoli
458 3870 558 3925 eodem
581 3870 706 3943 pavere,
736 3890 794 3945 quo
821 3889 876 3927 sua
904 3883 1001 3927 castra
1021 3871 1213 3944 reliquerant,
1244 3874 1359 3930 nocte8

277 3976 394 4042 proxima
428 3974 551 4049 dispersi
583 3973 726 4048 fugerunt.
787 3976 920 4032 Maximo
954 3977 1018 4031 usui
1047 3975 1101 4032 fuit
1127 3978 1327 4050 Amynander,

277 4092 329 4147 quo
348 4082 420 4137 duce
447 4081 631 4137 Athamanes
664 4080 797 4136 itinerum
830 4080 914 4154 periti
952 4081 1071 4137 summis
1102 4082 1246 4137 montibus
1275 4102 1333 4157 per

277 4181 346 4240 cales
361 4187 478 4261 ignotas
495 4185 681 4258 sequentibus
700 4203 750 4241 eos
767 4186 899 4241 hostibus
913 4185 942 4240 in
958 4185 1100 4242 AEteliam
1121 4187 1326 4261 perduxerunt.

279 4281 331 4343 Non
355 4290 397 4346 ita
426 4289 533 4345 multos
559 4289 589 4345 in
611 4289 743 4363 dispersa
764 4289 836 4364 fuga
859 4307 941 4346 error
962 4290 1058 4347 intulit
1080 4292 1109 4347 in
1132 4292 1357 4350 Macedcnttmi)
