3484 5025
481 513 520 570 38
725 512 804 561 Liber
820 510 949 562 XXXVI.
987 467 1035 576 (d.
1053 525 1124 566 uro.
1141 511 1217 577 tlte.)
1307 583 1312 602 Ι

408 693 563 752 ‘lhostium
584 694 717 764 veniant,
744 698 881 753 oneratas
904 704 1067 753 commeatu
1088 696 1203 765 voniro3
1236 712 1306 752 suas
1331 703 1465 766 autemut

438 812 545 875 pacata
566 799 664 856 omniu
685 800 762 858 circa
783 818 815 857 so
836 801 1042 876 relinquentes,
1062 800 1134 857 nihil
1156 810 1265 875 praetsr
1284 800 1394 859 militam
1407 809 1484 875 atqu·

403 925 405 929 ⁴
439 924 521 963 erma
551 907 713 964 habituras.
767 906 892 963 Multum
928 906 1015 962 etiam
1052 906 1218 963 adiuturam
1253 906 1381 963 notitiam
1407 904 1468 962 Μ’·

438 1019 639 1084 terrarumque
657 1021 685 1066 st
703 1021 866 1081 ventorum,
889 1029 954 1085 qum
975 1011 1074 1068 omnia
1095 1012 1215 1088 ignaros
1237 1013 1386 1069 turbatura
1402 1011 1469 1068 hus
1506 1007 1508 1012 ⁸

407 1099 542 1173 bessent.
592 1116 687 1172 Movit
713 1134 814 1174 omnes
845 1127 949 1173 auctor
977 1116 1104 1185 consilii,
1139 1116 1191 1192 qui
1227 1124 1256 1174 ct
1291 1135 1326 1174 rs
1355 1115 1470 1174 masilia·

438 1230 626 1277 exsecuturus
659 1229 730 1280 erat.
778 1221 904 1277 Biduum
942 1222 971 1278 in
1003 1232 1148 1296 apparatu
1180 1222 1304 1292 morati,
1341 1221 1416 1279 tertio
1438 1219 1470 1278 ἃ
1507 1217 1510 1222 ’

438 1336 551 1381 centum
582 1326 723 1395 navibus,
755 1344 878 1400 quarum
909 1328 1094 1403 septuaginta
1122 1336 1222 1398 tecta,
1257 1337 1359 1385 cetera
1389 1335 1472 1401 epm

438 1429 557 1485 minoris
596 1448 696 1487 omues
731 1429 834 1488 formm
864 1443 965 1504 eraut,
1001 1432 1125 1508 profecti
1162 1433 1321 1489 Phocaeam
1356 1430 1470 1506 petiam

407 1533 525 1603 elude,
556 1551 644 1607 quum
675 1536 803 1592 audisset
831 1538 1068 1612 appropinquare
1096 1538 1155 1592 iarn
1180 1538 1345 1595 Romanam
1374 1535 1469 1604 claun

436 1658 505 1706 rex,
539 1640 687 1713 quianon
707 1640 897 1699 interfuturus
918 1641 1016 1698 navali
1038 1642 1189 1699 certamini
1210 1653 1289 1713 orat,
1318 1639 1472 1717 Magnesiam·

439 1763 504 1818 quas
536 1745 574 1802 ad
607 1745 738 1820 Sipylum
772 1755 829 1818 est,
867 1748 1009 1804 concessit
1040 1747 1078 1804 ad
1110 1757 1263 1805 terrestres
1297 1749 1393 1824 copias
1417 1761 1472 1818 ⁰⁰¹?

389 1856 425 1910 10
439 1850 594 1924 parandas.
643 1848 752 1907 Classis
777 1853 815 1908 ad
839 1852 1019 1921 Cissuntem,
1048 1861 1165 1928 portum
1188 1854 1472 1929 Erythmorunmw
1500 1851 1502 1860 ’

335 1964 337 1968 ·
389 1961 421 2015 tt
439 1973 526 2029 quam
565 1955 605 2012 ibi
638 1956 734 2029 aptius
767 1967 972 2033 exspectatura
1002 1960 1133 2027 hostem,
1170 1959 1336 2020 contendit·
1373 1949 1470 2022 Romi*

439 2061 488 2117 ubi
511 2060 635 2135 primum
658 2062 809 2135 aquilones
844 2064 878 2136 (ii
900 2082 1027 2138 namque
1044 2082 1102 2138 per
1124 2063 1237 2137 aliquot
1258 2064 1321 2121 diss
1341 2053 1470 2130 tcuuud

439 2166 618 2235 ceciderunt,
651 2167 689 2223 ab
720 2167 796 2224 Delo
826 2169 961 2237 Phanas,
994 2179 1110 2244 portum
1141 2167 1280 2226 Chiorum
1316 2168 1347 2225 in
1370 2161 1469 2241 ΕΜ

439 2290 520 2334 mare
555 2289 688 2341 versum,
721 2283 836 2347 petunt3
880 2273 947 2330 iude
980 2275 1016 2330 ad
1049 2275 1149 2332 urbem
1184 2274 1378 2349 circumegere
1403 2283 1472 2336 mm

389 2379 663 2451 llcommeatuque
692 2388 808 2453 sumpto
832 2380 989 2435 Phocaeam
1017 2380 1172 2436 traiiciunt.
1229 2380 1374 2438 Eumenes
1393 2376 1470 2436 Eun

439 2482 476 2538 ud
509 2500 591 2539 suam
622 2482 742 2540 classem
772 2482 938 2558 profectus,
974 2484 1075 2560 paucis
1107 2495 1174 2560 post
1206 2486 1276 2544 inde
1309 2486 1402 2543 diebus
1425 2493 1466 2538 ctu
1503 2532 1510 2538 .

439 2599 578 2663 quattuor
615 2598 642 2645 et
674 2589 776 2663 viginti
809 2591 932 2646 navibus
971 2592 1069 2661 tectis,
1106 2592 1214 2666 apertis
1251 2582 1379 2667 pluribus
1408 2582 1468 2663 psalt
1498 2610 1510 2644 ε

437 2696 593 2752 Phocaeam
622 2694 660 2751 ud
681 2695 831 2750 Romanos
858 2706 996 2769 parantes
1019 2696 1252 2770 instruentesque
1278 2714 1312 2753 se
1338 2697 1375 2752 ad
1396 2687 1472 2749 navah

390 2801 425 2857 13
438 2810 583 2856 certamen
602 2799 695 2858 rediit.
742 2799 816 2856 Inde
838 2812 952 2857 eentum
976 2802 1102 2875 quinque
1122 2802 1207 2857 tectis
1231 2802 1373 2870 navibus,
1392 2793 1470 2874 aput&

437 2904 529 2962 ferme
562 2904 774 2980 quinquaginta
808 2904 946 2978 profecti,
983 2906 1077 2980 primo
1115 2907 1301 2981 aquilonibus
1333 2898 1469 2964 transversi
1500 2934 1510 2959 .-

439 3029 526 3084 quum
549 3021 719 3085 urgerentur
751 3010 780 3067 in
809 3020 933 3080 terram,
967 3012 1147 3087 cogebantur
1173 3014 1253 3070 tenui
1277 3013 1389 3087 agmina
1406 3020 1470 3086 prop

438 3117 467 3173 in
490 3117 618 3173 ordinem
646 3116 766 3190 singulae
793 3134 885 3172 naves
913 3116 969 3186 ire3
1007 3117 1110 3174 deinde
1139 3127 1171 3174 ut
1197 3119 1287 3175 lenita
1315 3118 1422 3194 paulum
1441 3110 1470 3169 ὴ

438 3223 516 3279 venti
546 3231 608 3290 est,
648 3222 685 3278 ad
720 3221 863 3296 Corycum
896 3233 1027 3296 portum,
1063 3223 1113 3296 qui
1145 3240 1235 3298 super
1260 3222 1414 3282 Cissuntem
1436 3223 1469 3284 ἢ

342 3313 386 3386 44
438 3329 534 3385 conati
557 3335 624 3383 sunt
644 3327 785 3387 traiicere.
834 3327 1048 3403 Polyxenidas,
1080 3337 1111 3384 ut
1140 3327 1470 3403 appropinquarem&

438 3433 557 3489 allatum
587 3442 647 3502 est,
678 3432 830 3489 occasione
854 3433 1003 3507 pugnandi
1035 3432 1118 3489 laetus
1144 3433 1292 3490 sinistrum
1324 3435 1384 3509 ipse
1407 3438 1469 3489 cot!

438 3538 467 3593 in
489 3538 578 3594 altum
602 3537 739 3607 extendit,
761 3537 894 3593 dextrum
917 3556 1006 3593 cornu
1028 3536 1181 3612 praefectos
1202 3539 1321 3596 navium
1344 3540 1379 3597 ad
1394 3546 1468 3595 turm

439 3644 585 3717 explicare
619 3643 712 3711 iubet,
758 3651 787 3698 et
821 3660 907 3716 oequa
937 3642 1034 3699 fronte
1073 3644 1112 3700 sd
1151 3663 1280 3719 pugnarn
1319 3642 1469 3721 procedunt

408 3743 525 3819 lQuod
554 3748 604 3804 ubi
634 3747 705 3804 vidit
726 3749 892 3817 Romanus,
928 3748 994 3804 vela
1024 3749 1170 3805 contrahit
1199 3749 1353 3825 malosque
1376 3746 1469 3807 inslirtlt

439 3861 467 3908 et
493 3852 578 3908 simul
600 3848 791 3909 armamenta
810 3871 987 3928 componens
1017 3854 1167 3928 opperitur
1192 3854 1375 3928 insequentes
1397 3860 1467 3908 navt

408 3953 502 4014 illam
524 3955 616 4014 ferme
637 3959 755 4033 triginta
775 3959 804 4015 in
826 3957 922 4015 fronte
944 3969 1040 4029 erant,
1070 3959 1175 4032 quibus
1197 3968 1230 4015 ut
1250 3969 1378 4034 aequaret
1395 3957 1466 4013 lam

438 4080 544 4133 cornu,
580 4062 733 4120 dolonibus
767 4064 869 4120 erectis
901 4063 990 4120 altum
1020 4075 1118 4139 petere
1146 4065 1285 4135 intendit,
1317 4064 1411 4130 iussis,
1435 4046 1467 4130 td

438 4168 650 4240 sequebantur,
684 4169 824 4226 adversus
856 4170 990 4226 dextrum
1024 4186 1113 4225 cornu
1143 4189 1236 4245 prope
1264 4180 1369 4228 terram
1393 4170 1467 4242 prot·

407 4272 572 4347 ldirigere.
627 4273 773 4331 Eumenes
809 4291 914 4349 agmen
950 4273 1086 4348 cogebat3
1125 4285 1252 4332 ceterum
1288 4285 1321 4333 ut
1354 4260 1467 4331 demo&
