3484 5025
513 433 520 484 l
532 432 567 485 10
767 425 846 474 Liber
857 424 1012 473 XXXVIII.
1027 423 1075 486 (A.
1086 437 1111 473 u.
1123 438 1147 474 c.
1160 424 1240 487 565.)

437 613 570 667 dnomen
595 609 683 666 lndus
705 610 742 665 ab
764 609 918 683 elephanto
942 607 1078 667 deiectus.
1146 607 1241 663 Haud
1264 606 1372 681 procul
1394 618 1435 661 a*

469 716 605 784 aberant,
639 732 692 771 nec
718 714 825 789 legatio
858 714 916 770 ulla
938 732 956 769 a
978 715 1124 786 Moagete,
1153 723 1285 787 tyranno
1317 710 1435 768 civitatis

437 819 584 877 thomine
606 819 643 873 ad
666 820 764 875 omnia
785 819 874 875 infido
897 829 985 891 atque
1005 818 1187 891 importuno,
1213 818 1375 873 veniebat'
1407 817 1433 872 Α

468 925 586 981 tandum
624 924 685 980 eius
711 926 851 1010 ‘animum
889 924 922 982 C.
952 922 1086 979 Helvium
1132 941 1197 979 cum
1238 933 1382 997 quattuor
1414 940 1435 976 m

467 1030 594 1104 peditum
611 1040 639 1085 et
654 1031 817 1104 quingentis
840 1029 983 1102 equitibus
1005 1028 1106 1084 consul
1122 1028 1285 1103 praemittit.
1332 1026 1409 1083 Huic
1427 1045 1435 1081 a

466 1134 523 1188 iam
554 1134 625 1189 fines
652 1134 823 1209 ingredienti
844 1135 932 1209 legati
963 1144 1149 1190 occurrerunt
1184 1134 1370 1201 nuntiantes,
1400 1151 1434 1205 pa

438 1243 531 1297 besse
559 1249 712 1314 tyrannum
743 1241 887 1314 imperata
911 1239 1023 1308 facere3
1060 1240 1202 1309 orabant,
1243 1250 1278 1295 ut
1311 1250 1427 1313 pacatus

466 1342 552 1399 iniret
571 1345 775 1419 cohiberetque
797 1366 814 1401 a
836 1344 1024 1419 populatione
1046 1344 1108 1418 agri
1137 1343 1276 1413 militem,
1312 1354 1340 1400 et
1369 1343 1396 1398 in
1422 1360 1435 1396 c

438 1454 557 1509 taurea
596 1450 758 1523 quindecim
797 1450 906 1506 talenta
939 1446 1108 1506 afferebant.
1191 1448 1319 1504 Helvius
1353 1448 1435 1521 integr

467 1554 655 1628 populatione
677 1573 764 1628 agros
786 1565 965 1610 servaturum
990 1553 1132 1629 pollicitus
1155 1554 1199 1609 ire
1222 1555 1260 1609 ad
1287 1553 1425 1610 consulem

438 1666 453 1717 7
467 1669 513 1715 tos
528 1660 618 1717 iussit.
667 1660 779 1732 Quibus
795 1661 895 1716 eadem
912 1659 1102 1716 referentibus
1118 1659 1221 1714 consul
1238 1660 1364 1732 „Neque
1387 1660 1435 1715 Rot

467 1764 560 1837 inquit
600 1764 702 1832 „bonae
738 1765 895 1820 voluntatis
933 1755 1020 1819 ulluin
1063 1764 1176 1837 signum
1219 1782 1292 1837 erga
1328 1782 1381 1818 nos
1414 1775 1435 1837 ty

410 1893 412 1897 ·
467 1855 626 1939 habemus,
657 1880 684 1925 et
712 1869 805 1943 ipsum
836 1870 921 1925 talem
952 1886 1014 1923 esse
1036 1868 1110 1923 inter
1142 1887 1243 1924 omnes
1269 1878 1398 1936 constat,
1425 1886 1435 1921 u

468 1994 554 2050 poena
583 1975 644 2030 eius
673 1975 766 2048 magis
797 1994 883 2047 quarn
918 1974 954 2030 de
983 1972 1110 2029 amicitia
1137 1973 1222 2029 nobis
1251 1972 1428 2047 cogitandum

438 2075 635 2137 8Perturbati
657 2080 713 2135 hac
728 2098 800 2135 voce
815 2080 903 2152 legati
925 2079 995 2136 nihil
1011 2078 1088 2134 aliud
1110 2088 1218 2152 petere,
1243 2097 1333 2150 quam
1349 2088 1378 2134 ut
1392 2097 1435 2133 con

468 2186 611 2259 acciperet
641 2185 833 2258 veniendique
868 2186 906 2241 ad
929 2204 993 2240 eum
1017 2194 1343 2259 tyranno·potestatern
1366 2194 1392 2239 et
1413 2202 1435 2240 ct

437 2286 603 2363 eloquendi
627 2308 661 2345 ac
684 2290 826 2363 purgandi
849 2307 880 2346 se
901 2290 1020 2348 faceret.
1087 2290 1236 2345 Permissu
1267 2289 1391 2346 consulis
1410 2306 1435 2363 pt

468 2396 513 2451 die
542 2396 572 2450 in
603 2405 700 2450 castra
727 2405 867 2469 tyrannus
897 2396 988 2465 venit,
1022 2395 1143 2450 vestitus
1173 2395 1387 2469 comitatusque
1410 2393 1433 2449 vi

466 2501 572 2576 privati
594 2500 705 2556 modice
728 2501 878 2575 locupletis
907 2493 1047 2570 habitum,
1077 2512 1104 2557 et
1136 2501 1231 2556 oratio
1254 2500 1310 2557 fuit
1332 2500 1435 2557 summis

466 2605 600 2673 infracta,
623 2608 805 2662 extenuantis
821 2627 891 2680 opes
914 2626 982 2664 snas
1005 2609 1178 2680 urbiumque
1200 2625 1261 2662 suae
1284 2607 1401 2663 dicionis
1414 2623 1435 2679 eg

418 2712 522 2766 ilitem
546 2712 700 2784 querentis.
764 2713 856 2767 Erant
889 2724 984 2769 antem
1018 2714 1071 2768 sub
1104 2731 1154 2780 eo,
1188 2722 1295 2784 praeter
1317 2712 1435 2787 Cibyran

467 2814 594 2888 Sylleum
611 2826 639 2870 et
662 2816 699 2870 ad
715 2816 846 2887 Limnen,
870 2837 933 2891 quae
949 2817 1122 2892 appellatur.
1166 2818 1213 2874 Ex
1229 2818 1285 2887 his,
1308 2830 1339 2874 ut
1353 2837 1382 2874 se
1401 2835 1435 2872 sut

466 2919 618 2991 spoliaret,
646 2921 772 2994 quinque
797 2934 825 2977 et
846 2923 947 2996 viginti
971 2922 1078 2976 talenta
1100 2941 1132 2980 se
1154 2922 1365 2992 confecturum,
1386 2940 1435 2996 pro}

417 3027 450 3081 11
467 3023 614 3094 diflidens,
636 3027 835 3099 pollicebatur.
903 3027 1097 3095 „Enimvero“
1122 3027 1216 3100 inquit
1239 3029 1341 3084 consul
1364 3027 1435 3095 „ferri

467 3129 623 3186 luditicatio
652 3132 709 3187 ista
739 3152 797 3187 non
821 3142 925 3207 potest.
997 3133 1105 3187 Parnm
1137 3142 1181 3186 est
1213 3151 1273 3187 non
1302 3135 1433 3189 erubuisse

467 3247 592 3304 sentem,
625 3255 712 3309 quum
741 3256 792 3310 per
821 3237 933 3310 legatos
955 3235 1138 3293 frustrareris
1165 3255 1235 3305 nos;
1267 3244 1389 3311 praeSens
1407 3256 1434 3310 qu

417 3342 494 3397 rain
526 3342 625 3396 eadem
663 3341 841 3414 impudentia
869 3352 992 3416 perstas.
1056 3341 1192 3413 Quinque
1226 3355 1255 3399 et
1289 3345 1386 3418 viginti
1412 3340 1435 3396 ta'

467 3447 646 3520 tyrannidem
682 3458 759 3501 tuam
794 3445 986 3502 exhaurient?
1029 3446 1195 3519 Quingenta
1230 3467 1300 3522 crgo
1336 3448 1425 3504 talenta

466 3552 560 3606 triduo
583 3570 733 3620 numeras,
762 3552 977 3625 populationem
1008 3552 1037 3606 in
1060 3551 1153 3625 agris,
1183 3554 1361 3610 obsidionem
1388 3553 1410 3609 in
1434 3567 1435 3600 t

417 3657 632 3728 l3exspecta.“
681 3657 748 3712 Hac
772 3656 987 3713 denuntiatione
1017 3657 1189 3713 conterritus
1216 3672 1345 3732 perstare
1371 3670 1435 3713 tana

419 3762 453 3815 14
467 3761 606 3833 pertinaci
630 3761 813 3818 simulatione
834 3762 954 3837 inopiae,
986 3772 1014 3817 et
1041 3762 1182 3835 paulatim
1205 3764 1337 3820 illiberali
1358 3757 1434 3819 adimi

466 3883 541 3919 nnnc
564 3885 616 3939 per
637 3867 869 3934 cavillationem,
901 3887 976 3923 nttnc
1003 3869 1136 3941 precibus
1166 3877 1195 3923 et
1224 3869 1362 3924 simulatis
1383 3860 1435 3921 lacn

468 3971 504 4025 ad
528 3984 640 4026 centum
665 3973 773 4027 talenta
789 3983 839 4047 *est
860 3975 1027 4046 perductus.
1087 3973 1214 4028 Adiecta
1237 3974 1332 4029 decem
1354 3969 1435 4027 milliat

466 4075 593 4131 dimnum
616 4074 762 4135 frumenti.
805 4066 997 4134 Haec‘onrnia
1018 4079 1094 4135 intra
1117 4098 1169 4134 sex
1193 4079 1379 4145 dieslexacta.

373 4172 410 4241 15
550 4185 576 4237 A
602 4180 711 4257 Cibyra
734 4202 786 4257 per
808 4201 895 4256 agros
918 4183 1100 4240 Sindensium
1125 4184 1268 4240 exercitus
1294 4180 1394 4246 ductus,
1410 4185 1435 4229 tn
