3484 5025
322 2380 346 2450 8

467 516 525 573 rsr
729 514 808 566 noa
824 515 939 567 xxxv.
976 513 1186 580 (susan.)

420 698 468 756 die
488 698 617 774 pecunia
638 698 764 771 credita,
785 701 891 775 quibus
912 700 1025 757 debitor
1045 700 1133 758 vellet
1148 699 1274 775 legibus,
1293 699 1341 758 ios
1354 699 1468 758 crediui

389 810 406 865 4
420 803 571 861 diceretur.
605 802 720 862 Deinde
730 813 886 879 postquam
897 804 1126 881 professionibus
1137 806 1254 863 detecta
1264 812 1310 864 est
1321 803 1470 881 maglinia

419 906 492 966 aeris'
506 908 592 967 alieni
614 929 666 986 per
687 912 763 968 hanc
781 910 913 968 fraudem
929 910 1079 982 contracti,
1100 912 1142 969 Μ.
1153 909 1473 987 Semproniuatribm

389 1014 512 1090 5plebis
534 1034 572 1073 ex
593 1016 766 1075 auctoritate
787 1029 903 1093 patrum
925 1016 1039 1092 plebem
1060 1017 1178 1092 rogavit
1205 1017 1368 1093 plebesque
1393 1013 1485 1088 aava.

419 1130 452 1177 ut
481 1138 547 1178 cum
575 1121 662 1179 sociis
692 1140 728 1180 ac
755 1122 873 1179 nomine
894 1121 1001 1180 Latino
1030 1123 1147 1181 credita
1170 1122 1304 1200 pecunia
1330 1121 1377 1182 ios
1398 1119 1470 1192 idn,

420 1226 499 1300 quod
520 1244 586 1284 cum
607 1226 719 1284 civibus
741 1227 893 1300 Romanis,
915 1236 999 1285 esset.

388 1337 406 1393 6
502 1332 575 1390 Haec
596 1332 625 1389 in
640 1333 730 1390 Italia
749 1333 828 1391 domi
850 1332 1016 1407 militiaeque
1032 1341 1109 1393 acta.
1155 1332 1192 1389 In
1209 1330 1361 1406 Hispania
1378 1347 1470 1406 nequ

389 1444 505 1510 7qnam
528 1446 640 1494 tantum
663 1436 730 1495 belli
752 1436 815 1508 fuit,
837 1448 977 1512 qnantum
999 1445 1124 1496 auxerat
1141 1437 1232 1499 fama.
1280 1435 1486 1508 (llilaruinin¹

418 1542 447 1598 in
462 1542 595 1600 citeriore
611 1543 756 1618 Hispania
770 1543 908 1619 oppidum
922 1543 1062 1601 Inluciam
1081 1543 1111 1600 in
1130 1541 1269 1601 Oretanis
1282 1542 1370 1620 cepit,
1384 1539 1486 1602 deiris.

418 1647 447 1703 in
469 1648 658 1706 hibernacula
684 1648 788 1705 milites
811 1648 946 1719 deduxit3
978 1658 1006 1706 st
1027 1668 1080 1724 per
1099 1648 1224 1705 hiemem
1246 1647 1354 1724 proelia
1375 1647 1485 1728 aliquali

418 1752 499 1809 nulla
519 1753 659 1810 memoria
680 1752 769 1829 digna
793 1753 933 1811 adversos
953 1754 1100 1811 latronum
1121 1752 1216 1827 magis
1243 1770 1334 1826 qoam
1360 1750 1472 1810 hostin

418 1857 613 1927 excursiones,
634 1858 718 1915 vario
739 1868 837 1916 tamen
859 1869 964 1917 eventu
985 1878 1039 1917 nec
1060 1859 1122 1916 sine
1144 1858 1267 1915 militum
1288 1858 1480 1918 iacturam.

387 1960 507 2023 8facta.
552 1963 682 2021 Maiores
711 1972 801 2039 gesta
828 1983 876 2022 res
905 1984 924 2021 a
953 1966 996 2023 M.
1024 1965 1050 2021 F
1053 1963 1140 2021 ulvio.
1187 1965 1219 2021 Is
1247 1963 1327 2039 apud
1349 1962 1480 2022 Toleto,-

418 2069 557 2145 oppidum
598 2088 665 2127 com
703 2069 837 2127 Vaccaeis
869 2069 1103 2145 Vettonibusque
1143 2076 1172 2127 et
1203 2066 1359 2127 Celtiberis
1395 2063 1474 2143 εἰμ’·

418 2175 531 2232 collatis
552 2174 713 2244 dimicavit3
741 2175 900 2232 exercitum
928 2195 1028 2233 earum
1052 2175 1180 2250 gentium
1204 2173 1281 2232 fudit
1301 2172 1469 2251 fugavitque

417 2298 516 2355 regem
538 2281 690 2339 Hilernum
712 2280 810 2338 vivum
833 2281 920 2356 cepit,

503 2383 598 2456 Quum
635 2386 697 2443 hac
731 2386 761 2443 in
796 2386 943 2463 Hispania
976 2385 1166 2462 gerebantur,
1206 2384 1393 2444 comitiorum
1423 2383 1470 2443 iu

419 2490 576 2565 appetebat
592 2491 669 2561 dies;
690 2490 789 2566 itaque
810 2491 845 2548 L.
857 2489 1009 2549 Cornelius
1027 2489 1137 2560 consul,
1158 2488 1260 2548 relicto
1278 2491 1469 2551 adexerciton

387 2591 460 2654 2M.
473 2592 597 2652 Claudio
613 2596 719 2671 legat-o,
740 2599 866 2655 Romam
885 2597 974 2654 venit.
1022 2598 1054 2654 Is
1068 2597 1098 2653 in
1112 2605 1215 2653 senatu
1236 2615 1327 2670 quom
1346 2598 1385 2656 do
1399 2597 1486 2657 rell:

418 2699 456 2754 ab
477 2715 510 2754 se
529 2700 618 2774 gestis
633 2702 823 2775 disseruisset,
846 2721 963 2777 quoque
984 2710 1062 2759 statu
1086 2701 1237 2778 provincia
1258 2714 1346 2775 esset,
1367 2712 1488 2779 questu.

386 2803 462 2861 dest
486 2822 550 2861 curn
572 2807 704 2881 patribus
726 2806 911 2882 conscriptis,
940 2806 1034 2882 quod,
1062 2816 1144 2864 tanto
1173 2806 1250 2864 bello
1276 2826 1338 2865 una
1360 2808 1471 2867 semu&

416 2928 516 2985 pugna
537 2919 597 2968 tam
614 2911 736 2970 feliciter
754 2913 893 2988 perfecto,
914 2932 972 2970 non
984 2919 1059 2970 esset
1071 2911 1188 2968 habitus
1203 2912 1259 2969 diis
1273 2913 1473 2973 immortab'bu

416 3015 522 3085 honos;
544 3017 703 3091 postulavit
718 3018 830 3089 deinde,
853 3028 884 3076 ut
897 3018 1136 3094 supplicationem
1152 3017 1238 3074 simul
1250 3018 1472 3095 triumphumque

386 3119 612 3182 ldecernerent.
661 3123 748 3180 Prius
769 3133 884 3195 tamen,
913 3142 1000 3198 quam
1029 3123 1132 3180 relatio
1154 3124 1253 3194 fieret,
1282 3123 1321 3197 Q.
1342 3122 1471 3193 Meroua

419 3225 467 3298 qui
489 3228 590 3284 consul
612 3228 793 3303 dictatorque
813 3229 924 3298 iuerat,
948 3228 1060 3285 litteras
1084 3229 1186 3285 eodem
1209 3236 1343 3302 tompore
1363 3228 1434 3286 dixit
1447 3234 1485 3283 8-

417 3332 543 3390 consulis
567 3335 602 3396 L.
628 3332 756 3392 Cornelii
785 3334 823 3390 ad
844 3345 976 3391 senatum
1007 3342 1036 3390 et
1057 3334 1099 3395 M.
1122 3333 1254 3391 Marcelli
1283 3335 1322 3391 ad
1349 3348 1470 3412 magna!

387 3438 405 3493 5
417 3449 529 3513 partem
561 3449 728 3497 senatorum
760 3439 865 3496 allatas
897 3458 961 3496 essa
998 3439 1073 3495 inter
1104 3458 1136 3496 se
1170 3447 1353 3514 pugnantes,
1392 3454 1488 3514 sequ,

417 3542 536 3599 dilatam
559 3562 622 3601 esse
643 3544 901 3612 consultationem,
924 3552 957 3600 ut
980 3543 1170 3619 praesentibus
1193 3545 1364 3604 auctoribus
1385 3560 1470 3604 earu

417 3647 578 3706 litterarum
606 3649 824 3725 disceptaretur.
873 3649 979 3723 Itaque
1000 3658 1187 3725 exspectasse
1207 3665 1287 3720 sese,
1316 3660 1348 3708 ut
1375 3645 1470 3717 cond.

418 3752 467 3825 qui
490 3751 575 3811 sciret
598 3756 635 3812 ab
656 3755 754 3830 legato
775 3773 829 3812 suo
851 3755 992 3811 adversus
1018 3773 1052 3810 se
1079 3753 1219 3829 scriptum
1241 3753 1369 3831 aliquid,
1395 3770 1470 3832 qu·

387 3857 472 3933 oipsi
500 3859 671 3916 veniendum
701 3869 791 3930 esset,
818 3860 974 3917 deduceret
1002 3878 1067 3916 eum
1097 3876 1195 3917 secum
1221 3859 1364 3931 Romam,
1395 3872 1470 3935 qun

417 3962 504 4020 etiam
537 3965 633 4022 verius
665 3975 755 4036 esset,
790 3965 837 4022 Ti.
865 3964 1038 4041 Sempronio
1069 3963 1224 4039 imperium
1257 3965 1379 4023 babenti
1407 3958 1481 4023 ffl-

387 4069 585 4141 iexercitum,
607 4089 694 4145 quam
713 4069 825 4144 legat03
845 4088 922 4128 nunc
937 4069 1027 4127 videri
1048 4088 1112 4126 esse
1133 4078 1263 4126 amotum
1282 4070 1321 4128 do
1333 4066 1488 4137 indomit-

328 4186 334 4196 '
417 4193 454 4231 nc
474 4193 519 4245 aa,
540 4194 605 4249 qoae
626 4174 797 4250 scripsisset,
818 4175 1083 4250 praesena'diceret,
1107 4183 1204 4232 etant
1227 4184 1365 4250 argueret
1384 4188 1469 4235 cort!

417 4286 482 4350 aot,
510 4279 537 4336 ai
560 4279 630 4354 quid
651 4280 719 4337 vani
741 4278 873 4351 afferret,
900 4279 984 4356 argui
1010 4289 1126 4356 posset,
1156 4280 1250 4339 douae
1277 4281 1316 4339 ad
1341 4279 1494 4358 liquit--
