3484 5025
582 514 659 565 uber
675 513 804 567 mlv.
840 512 1035 577 (acturos.)
1209 592 1211 596 7
1239 520 1296 576 129

282 697 326 753 sub
353 698 415 758 bae
445 698 516 775 legis
543 700 640 775 speeie
668 700 753 771 latet,
789 709 835 771 ut,
867 699 945 774 quod
976 701 1085 757 babere
1116 718 1173 756 nou
1208 711 1337 775 possunt,

282 800 432 876 lubitum,
462 804 621 874 siliceret,
648 802 737 862 fuisse
757 804 948 864 videantur?“
997 805 1095 863 Vult-is
1115 806 1171 862 hoo
1192 816 1336 866 certamen
1353 807 1388 861 15

281 908 411 967 moribus
435 911 539 969 vestris
559 911 691 981 iniicere,
718 910 859 984 Quirites,
880 923 912 969 ut
933 910 1036 969 divites
1059 911 1089 969 id
1110 911 1218 969 babere
1238 913 1337 972 velint,

278 1012 344 1084 flod
359 1012 448 1087 nulla
462 1015 520 1073 alia
534 1015 635 1091 possit,
650 1034 802 1092 pauperes,
818 1035 854 1074 ne
870 1017 909 1074 ob
925 1017 982 1074 boo
997 1017 1092 1091 ipsum
1107 1026 1335 1084 contemnantur,

272 1131 353 1194 upra
384 1119 469 1178 vires
494 1139 526 1178 se
555 1121 732 1181 extendant?
778 1123 826 1181 Ne
847 1142 895 1180 aaa
915 1122 1000 1179 simul
1020 1122 1144 1199 pudere,
1175 1125 1253 1198 qnod
1277 1124 1387 1183 nonlb

272 1236 392 1302 ηοω,
407 1227 540 1302 emperit,
554 1227 632 1301 quod
643 1238 765 1303 oportet,
775 1248 833 1286 nou
844 1229 971 1305 pudebit.
1018 1228 1091 1302 Qum
1104 1229 1140 1286 de
1154 1246 1207 1285 sno
1219 1232 1333 1305 poterit,

272 1332 398 1405 pmbit3
436 1351 501 1407 quae
532 1351 590 1390 non
621 1333 743 1409 poterit,
774 1334 867 1391 virum
900 1334 1024 1410 rogabit.
1084 1335 1222 1393 Miserum
1254 1335 1333 1395 illum
1350 1338 1384 1393 17

272 1435 374 1508 mum,
399 1447 432 1495 et
454 1439 504 1513 qui
525 1448 663 1497 exoratus
683 1448 712 1497 et
733 1440 781 1515 qni
802 1459 862 1497 non
885 1451 1023 1498 exoratus
1045 1440 1113 1510 erit,
1136 1458 1234 1515 quum,
1256 1442 1333 1516 quod

273 1559 321 1618 poa
342 1562 410 1600 non
434 1544 554 1616 dederit,
578 1546 678 1602 datum
699 1548 737 1604 ab
759 1546 817 1604 elio
839 1546 958 1606 videbit.
1006 1547 1094 1604 Nune
1114 1544 1202 1620 vulgo
1225 1546 1333 1604 alienos
1350 1549 1385 1603 18

273 1645 341 1708 ὴ
364 1660 493 1725 rogant,
520 1663 549 1710 et
576 1654 655 1728 quod
679 1653 772 1710 maius
793 1662 854 1720 est,
883 1652 975 1727 legem
1005 1662 1034 1709 et
1059 1650 1200 1727 suffragia
1220 1664 1333 1728 rogant,

273 1761 290 1830 β
314 1773 335 1812 ι
365 1757 547 1830 quibusdam
575 1759 740 1834 impetrant.
795 1758 947 1817 Adversus
978 1766 1007 1813 te
1038 1767 1067 1814 et
1098 1776 1158 1814 rem
1192 1769 1271 1816 tuam
1303 1770 1331 1817 et

273 1859 369 1924 hos
409 1871 479 1921 tuos
513 1865 671 1922 exorabilis
710 1881 750 1921 es.
806 1861 898 1921 Simul
937 1863 985 1921 lex
1018 1861 1135 1920 modum
1169 1866 1329 1940 sumptibus

273 1968 361 2040 poris
383 1978 446 2026 truse
466 1968 563 2047 faeere
585 1970 716 2040 desierit,
738 1978 769 2026 tn
790 1986 938 2043 nunquam
959 1966 1057 2027 facies.
1104 1969 1203 2027 Nolite
1225 1971 1324 2030 eodem
1344 1972 1379 2027 19

273 2085 325 2142 ῃ
342 2074 517 2133 οιίεῑίωατο
536 2075 663 2134 futuram
684 2094 760 2146 rem,
781 2092 839 2149 quo
861 2072 931 2144 fuit,
958 2083 1113 2149 antequam
1142 2074 1189 2133 lex
1211 2077 1247 2134 de
1267 2079 1323 2135 hoo

274 2189 395 2252 mr.
460 2180 501 2239 Et
534 2181 679 2239 homiuem
717 2180 881 2256 improbum
914 2199 972 2236 non
1004 2179 1135 2237 accusari
1166 2184 1254 2241 tutius
1286 2194 1330 2242 est
1345 2183 1384 2239 20

275 2301 347 2360 pm
371 2285 499 2357 absolvi,
520 2296 549 2344 et
569 2286 684 2343 luxuria
702 2303 761 2342 non
780 2294 859 2341 mota
874 2282 1053 2341 tolerabilior
1067 2296 1151 2355 esset,
1174 2306 1261 2362 qnam
1279 2292 1333 2348 en't

274 2405 345 2468 μ,
366 2392 443 2469 ipsie
463 2392 601 2463 vinculis,
623 2393 697 2450 siout
718 2389 786 2448 ferae
807 2390 920 2459 bestiae,
942 2388 1071 2461 irritata,
1094 2390 1197 2451 deinde
1218 2395 1330 2455 emissa.

274 2483 334 2577 h
350 2499 437 2557 nullo
458 2499 546 2556 modo
563 2497 762 2574 abrogandam
777 2497 870 2573 legem
889 2494 1016 2571 Oppiam
1038 2515 1156 2570 oenseo;
1177 2519 1231 2559 vos
1253 2504 1330 2577 quod
1344 2500 1378 2558 21

274 2600 376 2679 fitis,
397 2605 471 2664 deos
493 2623 593 2663 omnes
613 2603 763 2662 fortunare
782 2603 899 2664 velim.“

275 2750 303 2777 -„
349 2712 428 2769 Post
457 2712 519 2769 hmo
552 2711 659 2768 tribuni
696 2728 811 2786 quoque
846 2708 939 2785 plebi,
978 2708 1027 2783 qui
1062 2726 1094 2766 se
1126 2708 1330 2773 intercessuros
1403 2709 1424 2777 5

275 2814 391 2889 'adusi
413 2827 511 2887 erant,
543 2834 631 2891 quum
654 2833 749 2891 penoa
766 2815 796 2872 in
815 2814 935 2871 eandem
958 2814 1127 2871 sententiam
1151 2817 1329 2891 adiecissent,

275 2938 328 2997 ῃ
345 2924 381 2984 L.
393 2923 532 2981 Valerius
552 2940 606 2997 pro
626 2920 779 2996 rogatione
800 2920 838 2976 ab
861 2939 893 2977 se
914 2921 1098 2996 promulgata
1119 2920 1161 2977 ita
1182 2923 1330 2982 disseruit:

276 3000 286 3029 r
346 3028 454 3103 priuati
478 3027 679 3085 tantummodo
708 3026 745 3082 ad
772 3024 950 3082 suadendum
982 3025 1264 3102 dissuadendumque
1290 3032 1330 3103 id,

275 3020 346 3225 td
365 3135 405 3193 ab
427 3134 510 3191 nobis
530 3141 660 3208 rogatur,
682 3130 898 3207 processissent,
920 3151 974 3207 ego
997 3150 1126 3206 quoque,
1149 3149 1236 3204 quum
1258 3138 1328 3194 satis

275 3226 374 3311 fletum
395 3258 450 3316 pro
473 3248 594 3313 utraque
615 3245 699 3312 parte
720 3235 924 3308 existimarem,
946 3238 1049 3294 tacitns
1071 3234 1211 3311 suffragia
1232 3252 1328 3299 vestra

453 3363 497 3414 m;
517 3361 593 3401 nuno
614 3361 702 3417 quum
724 3342 769 3399 vir
789 3342 987 3417 gravissimus,
1009 3341 1109 3399 oonsul
1131 3342 1173 3402 M.
1196 3344 1358 3418 Porcius,2

276 3348 522 3545 mute
548 3448 659 3518 solnm,
694 3466 759 3523 quae
786 3449 875 3505 tacite
902 3447 973 3504 satis
1004 3447 1141 3504 momenti
1169 3447 1326 3524 habuisset,

341 3557 470 3615 oratioue
490 3555 577 3613 etiam
599 3555 688 3629 longa
708 3563 735 3610 et
759 3562 897 3610 aoourata
917 3551 1073 3608 insectatus
1095 3553 1132 3610 sit
1147 3556 1326 3630 rogationem

399 3702 409 3734 ,
445 3679 565 3719 neeesse
596 3670 639 3717 est
666 3658 766 3734 paucis
798 3657 981 3733 respondere.
1029 3656 1087 3730 Qui
1117 3671 1213 3719 tamen
1242 3663 1357 3737 plura3

389 3767 420 3825 iu
454 3765 631 3843 castigandis
665 3763 805 3822 matronis
841 3781 928 3838 quam
969 3763 998 3820 in
1033 3763 1184 3838 rogatione
1225 3776 1326 3826 nostra

419 3873 459 3930 da
478 3871 665 3948 consumpsit,
686 3879 715 3926 et
735 3868 850 3944 quidem
873 3878 905 3924 ut
924 3870 954 3925 in
971 3869 1057 3926 dnbio
1074 3879 1203 3944 poneret,
1227 3881 1322 3930 utrum

332 3979 402 4052 quod
419 3978 613 4055 reprenderet,
634 3985 773 4033 matronse
793 3993 847 4032 sua
867 3985 971 4049 sponte
992 3994 1029 4031 an
1050 3975 1134 4032 nobis
1153 3979 1319 4036 auctoribus

387 4093 407 4143 t
453 4087 527 4145 Rem
549 4081 716 4152 defendam,
742 4099 800 4137 nou
821 4098 891 4150 nos,
914 4080 944 4136 iu
966 4097 1038 4154 quos
1058 4080 1125 4138 iecit
1145 4083 1238 4158 magis
1259 4084 1314 4141 boo
1338 4085 1355 4140 4

277 4178 369 4259 Μ
397 4192 487 4250 verbo
519 4199 620 4260 tenus,
656 4205 744 4263 quam
779 4195 811 4243 nt
841 4205 874 4242 re
905 4185 1093 4244 insimularet.
1147 4186 1259 4245 Coetum
1293 4191 1355 4245 etb

278 4270 433 4367 butenen
473 4306 502 4354 et
540 4294 684 4353 interdum
723 4292 914 4350 secessionem
953 4291 1121 4350 muliebrem
1157 4293 1323 4369 appellavit,

314 4398 449 4447 Murro.
463 4407 558 4456 ladrtsli.
588 4406 613 4445 V.
1106 4401 1121 4446 9
