3484 5025
430 540 489 595 216
686 536 763 585 Liber
781 535 894 585 XXXV.
933 535 980 603 (A.
999 551 1024 584 u.
1045 550 1068 587 e.
1088 534 1161 594 ⁵62.)

387 742 475 797 quum
503 720 580 777 hand
610 720 710 794 procul
739 728 824 795 portu
847 737 979 794 egressum
1003 729 1093 787 esset,
1127 718 1318 793 magistratus
1341 735 1371 791 qs

357 826 618 885 50haleidensium
650 833 679 880 et
700 822 842 898 principes
871 834 938 881 ante
963 835 1078 899 portam
1101 831 1318 899 processerunt.
1361 823 1371 880 l

388 932 521 1007 utrinqne
555 934 592 989 ad
622 929 797 1004 colloquium
831 930 978 1005 congressi
1014 938 1090 987 sunt.
1152 927 1252 987 AEtoli
1284 946 1371 1005 magn

387 1037 518 1107 suadere,
537 1047 568 1093 ut
583 1035 666 1092 salva
677 1037 877 1093 Romanorum
896 1035 1024 1092 amicitia
1038 1051 1136 1108 regem
1150 1051 1270 1108 quoque
1282 1051 1371 1092 usnn

357 1142 496 1201 bsoeium
526 1150 614 1214 atque
643 1141 783 1206 amicum3
816 1159 911 1214 neque
942 1139 1017 1196 enim
1039 1158 1104 1196 eum
1127 1137 1272 1195 inferendi
1294 1139 1371 1196 balli,

386 1247 541 1304 liberandae
557 1245 679 1304 Graecise
694 1264 782 1302 causa
797 1245 826 1301 in
840 1245 991 1320 Europam
1011 1243 1169 1312 traiecisse,
1194 1254 1225 1300 et
1245 1263 1278 1301 ra
1296 1244 1371 1302 liban

358 1360 371 1411 7
386 1372 444 1410 non
462 1351 559 1409 verbis
575 1360 604 1408 et
621 1350 814 1420 simulatione,
837 1351 916 1426 quod
935 1349 1071 1407 iecissent
1087 1349 1227 1408 Romani.
1267 1350 1371 1408 Nihilt

386 1458 483 1514 utilius
518 1456 640 1515 Graeciae
680 1456 846 1515 civitatibus
885 1473 949 1512 esse
990 1474 1078 1530 quam
1117 1462 1277 1528 utramque
1309 1473 1371 1513 com

386 1563 559 1632 amicitiam
582 1563 624 1620 ita
648 1563 723 1621 enim
746 1563 784 1619 ab
806 1562 955 1636 utriusque
976 1560 1082 1618 iniuria
1101 1568 1181 1617 tutus
1203 1559 1326 1619 alterins
1345 1577 1371 1617 ss

356 1668 520 1745 Spraesidio
552 1678 581 1725 et
611 1669 718 1726 fiducia
748 1667 821 1725 fore.
882 1667 962 1725 Nam
994 1667 1019 1723 si
1049 1685 1109 1726 non
1140 1665 1322 1741 recepissent
1350 1685 1371 1724 n

386 1774 526 1845 viderent,
548 1774 617 1848 quid
631 1773 799 1850 patiendum
820 1772 856 1829 iis
874 1771 1020 1847 extemplo
1036 1770 1123 1841 forst,
1148 1789 1240 1847 quum
1259 1772 1371 1833 Βοωιι

386 1879 487 1953 procul
511 1879 665 1949 auxilinm,
696 1879 787 1936 hostis
810 1876 989 1946 Antiochus,
1021 1876 1067 1933 cui
1092 1875 1230 1934 resistere
1259 1877 1321 1934 suis
1348 1876 1371 1934 vi

356 1987 444 2040 9non
466 1993 599 2059 possent,
630 1992 696 2041 ante
718 1993 819 2058 portas
841 1992 925 2039 esset.
979 1983 1030 2039 Ad
1052 1984 1114 2039 haee
1136 1982 1297 2058 Micythio,
1324 2000 1371 2040 unt

386 2088 578 2163 principibus,
613 2088 711 2145 mirari
738 2106 769 2143 se
797 2086 885 2157 dixit,
919 2087 956 2143 ad
988 2105 1061 2161 quos
1089 2088 1259 2145 liberandos
1275 2087 1371 2145 Antia

338 2201 373 2254 10
385 2194 485 2251 relicto
500 2212 590 2269 regno
606 2212 669 2264 sno,
689 2193 719 2249 in
731 2194 881 2268 Europam
898 2192 1071 2262 traiecissem
1093 2194 1204 2250 nnllam
1220 2194 1298 2251 enim
1313 2193 1371 2253 civit

386 2318 417 2356 se
438 2300 467 2356 in
483 2299 600 2357 Graecia
615 2316 711 2368 nosse,
734 2317 798 2373 quae
820 2307 871 2354 ant
892 2298 1058 2373 praesidium
1080 2300 1190 2357 habeat
1213 2308 1264 2357 snt
1285 2300 1371 2376 stipen

386 2405 525 2463 Romanis
547 2406 654 2480 pendat
676 2412 727 2460 aut
747 2401 856 2459 foedere
877 2402 976 2478 iniquo
1000 2403 1134 2477 alligata,
1165 2422 1240 2478 quas
1261 2406 1349 2476 nolit,

339 2519 368 2571 ll
387 2511 523 2584 patiatur.
580 2511 685 2585 Itaque
716 2507 922 2567 Chalcidenses
955 2529 1047 2584 neque
1079 2509 1194 2567 vindice
1228 2511 1366 2569 libertatis

387 2633 480 2689 egere,
503 2634 591 2689 quum
614 2615 697 2672 liberi
718 2615 783 2683 sint,
806 2633 900 2689 nequa
922 2614 1066 2689 praesidio,
1092 2633 1181 2688 quum
1205 2635 1310 2691 pacem
1331 2616 1371 2674 sin

339 2720 486 2794 12popnli
515 2720 640 2776 Romani
672 2719 811 2777 beneflcio
844 2729 873 2775 et
905 2720 1066 2776 libertatem
1095 2721 1234 2778 habeant.
1291 2722 1371 2781 Amic

385 2824 461 2900 ragis
483 2843 541 2881 non
564 2825 713 2900 aspernari
735 2843 788 2882 nee
809 2825 938 2899 ipsorum
961 2825 1140 2881 AEtolorum.
1190 2826 1227 2882 Id
1255 2827 1371 2900 primun

339 2939 374 2993 13
388 2948 441 3004 pro
472 2929 572 2986 amicis
598 2926 744 2995 facturos,
774 2931 798 2987 si
823 2929 918 2986 insula
947 2928 1089 2985 excedant
1116 2939 1205 3004 atque
1235 2933 1354 3001 aboena

387 3034 458 3108 ipsis
485 3043 593 3091 certum
622 3051 685 3091 esse
710 3053 768 3090 non
797 3034 884 3090 modo
910 3053 968 3090 non
994 3035 1122 3107 recipere
1151 3036 1312 3106 moenibus,
1341 3054 1371 3092 se

388 3140 555 3196 societatem
574 3139 689 3214 quidem
708 3139 795 3196 ullam
812 3139 920 3212 pacisci
934 3138 988 3195 nisi
1008 3159 1046 3195 ex
1063 3139 1236 3197 auctoritate
1247 3142 1371 3199 Roman<

291 3248 334 3316 47
388 3245 459 3301 Haec
485 3245 649 3302 renuntiata
678 3244 739 3319 regi
768 3245 805 3301 ad
830 3261 934 3312 naves,
964 3244 1013 3300 ubi
1041 3243 1202 3313 restiterat,
1236 3261 1326 3319 quum
1353 3264 1371 3302 a

386 3350 416 3406 in
448 3350 601 3425 praesentia
636 3351 742 3424 (neque
774 3350 849 3406 enim
884 3348 918 3404 iis
951 3357 1072 3404 venerat
1106 3348 1212 3422 copiis,
1248 3361 1283 3406 nt
1314 3351 1343 3407 vi

356 3456 541 3530 2quiequam
564 3459 674 3530 posset)
696 3455 801 3511 reverti
823 3453 1038 3510 Demetriadem
1062 3453 1178 3526 placuit.
1230 3455 1294 3525 Ibi,
1323 3474 1371 3531 qut

386 3561 509 3634 primum
532 3579 639 3616 vanum
662 3560 806 3634 inceptum
830 3559 979 3625 evasisset,
1002 3557 1166 3615 consultare
1185 3576 1251 3616 cum
1266 3561 1371 3619 AEtolin

387 3665 455 3739 quid
468 3666 571 3722 deinde
583 3667 674 3721 fieret.
713 3663 828 3721 Placuit
840 3663 959 3732 Boeotos,
975 3662 1109 3732 Achaeos,
1125 3666 1371 3739 Amynandrum!

356 3771 586 3827 3Athamannm
609 3778 728 3826 tentare.
778 3769 946 3825 Boeotorum
968 3776 1082 3842 gentem
1108 3784 1242 3825 aversam
1270 3772 1371 3830 asna

385 3875 443 3931 iam
474 3875 540 3931 inde
570 3894 588 3931 a
602 3915 604 3919 ·
618 3874 780 3949 Brachyllae
810 3882 920 3941 morte,
958 3882 987 3928 et
1020 3891 1084 3946 quae
1112 3881 1213 3930 secuta
1242 3894 1310 3934 eam
1337 3875 1371 3933 fn

355 3980 556 4049 deensebant3
593 3981 768 4037 Achaeorum
801 3977 1050 4052 Philopoemenem
1081 3975 1241 4051 principem
1279 3981 1371 4039 aemuh

386 4084 485 4158 gloria
514 4085 544 4141 in
573 4084 649 4141 ballo
681 4085 830 4141 Laconum
860 4079 996 4138 infestum
1026 4079 1209 4154 invisumque
1238 4101 1304 4142 essa
1324 4085 1371 4159 Qu

356 4189 553 4248 heredebant.
608 4189 801 4262 Amynander
830 4204 950 4243 uxorem
980 4187 1145 4259 Apamam,
1176 4187 1268 4247 filiam
1298 4191 1371 4249 Alex

387 4293 536 4351 cuiusdam
560 4292 815 4367 Megalopolitani,
839 4291 982 4359 habebat,
1007 4290 1056 4363 qui
1082 4308 1114 4349 se
1136 4292 1292 4352 oriundum
1314 4314 1333 4352 a
1352 4313 1371 4351 n
