3484 5025
543 543 623 593 ΠΜ
635 540 750 593 XXXV.
785 541 835 604 (Δ.
847 537 897 591 Ch.
910 541 981 603 m.)
1197 540 1254 598 2⁰1

248 730 353 798 “8¹¹¹
385 724 492 782 deinde
524 723 580 799 ipsi
609 723 730 798 integri,
769 732 918 793 recentes,
950 720 1099 789 instrueti3
1138 720 1168 777 in
1200 721 1300 780 hostes

248 826 423 898 ¹ttsstliirstos,
444 828 564 902 effusos,
588 828 690 886 lubere
711 828 798 885 etiem
813 837 843 885 et
856 826 1025 884 vulneribus
1042 824 1136 883 fessos
1158 825 1297 900 impetum
1376 853 1382 862 ·

248 929 351 989 ‘edunt
397 933 463 991 Nee
491 932 583 991 (lubin
608 932 733 990 victoris
760 932 830 1003 fuit3
860 931 1008 1007 extemplo
1034 940 1118 1005 terge
1147 928 1227 986 (ledit
1253 931 1330 1004 ty·6

248 1035 316 1094 nni
337 1036 419 1094 nulus
449 1047 480 1095 et
504 1037 585 1095 haud
610 1037 699 1112 paulo
720 1037 910 1095 concitatiore
932 1055 1033 1106 eursu,
1067 1054 1154 1110 quam
1183 1043 1299 1091 seeutm

248 1150 305 1212 nt,
324 1139 440 1217 fugiens
459 1142 499 1200 ad
515 1152 613 1200 eastre
631 1150 676 1199 est
697 1142 873 1218 compulsus.
918 1140 1004 1200 Multi
1025 1140 1092 1197 ossei
1112 1138 1247 1214 captique
1268 1138 1328 1195 inl

248 1245 358 1321 turgt
377 1257 463 1321 sunt,
492 1257 524 1305 et
542 1247 573 1305 iu
594 1248 698 1305 eastris
720 1266 837 1323 qnoque
857 1246 934 1305 foret
950 1245 1142 1321 trepidatum,
1174 1244 1205 1300 ui
1225 1242 1297 1302 Phi·

248 1367 375 1427 qemun
405 1352 536 1427 reeeptui
563 1352 630 1409 esui
657 1351 802 1421 iussisset,
835 1351 902 1409 looa
928 1350 1021 1425 magis
1050 1348 1227 1425 confragosa
1258 1356 1296 1419 et,

248 1453 403 1532 penuque
421 1466 532 1514 temere
548 1455 747 1531 processisset,
768 1456 869 1531 iniqua
890 1476 978 1532 quam
1000 1457 1113 1512 bostem
1135 1464 1274 1512 metuens.

314 1560 387 1618 lude
407 1568 437 1618 et
457 1580 496 1617 ex
516 1559 636 1617 fortuna
657 1577 762 1636 pugnae
783 1569 812 1617 et
832 1579 870 1617 ex
892 1559 1009 1635 ingenio
1024 1560 1105 1616 duob
1120 1549 1326 1628 eonieeauab

248 1667 268 1720 ἰ
295 1681 351 1738 quo
381 1673 443 1721 tutu
475 1664 502 1722 is
530 1683 643 1741 pavore
672 1674 764 1733 esset,
796 1683 884 1722 nuum
918 1665 955 1721 de
982 1663 1172 1721 auxiliaribus
1198 1661 1295 1737 speeie

248 1767 387 1845 mingo
407 1769 496 1826 mittit
520 1769 560 1826 sd
579 1787 665 1839 eum,
694 1769 744 1843 qui
770 1787 824 1844 pro
845 1779 996 1844 comperto
1019 1768 1146 1838 afferret,
1167 1760 1325 1825 thaos9

248 1871 364 1930 &tubas
385 1882 506 1949 postero
529 1873 577 1930 die
597 1874 637 1930 ad
659 1874 791 1930 Eurotan
812 1892 945 1944 amnem,
972 1874 1023 1948 qui
1043 1893 1136 1950 prope
1157 1873 1228 1948 ipsis
1249 1871 1294 1930 af·

248 1973 297 2034 hit
314 1978 464 2048 mmnibus,
485 1978 634 2054 progredi,
656 1990 688 2035 ut
701 1978 923 2036 intercluderent
944 1980 1008 2049 iter,
1029 1998 1067 2035 ne
1078 1988 1128 2036 aut
1145 1988 1295 2054 tyrannus,

248 2091 319 2156 μω
339 2082 440 2152 vellet,
467 2094 616 2159 receptum
636 2083 675 2139 sd
696 2083 797 2139 urbem
819 2083 954 2151 haberet,
981 2091 1033 2138 aut
1054 2093 1233 2139 commeatus
1255 2082 1294 2139 ab
1309 2074 1345 2129 ¹⁰

248 2185 304 2242 uls
327 2186 356 2243 iu
383 2197 483 2245 uestra
510 2197 712 2263 ponerentur,
744 2186 830 2242 simul
857 2195 888 2243 et
913 2194 1085 2256 tentaturos,
1116 2186 1142 2242 si
1168 2203 1292 2260 quorum

248 2289 319 2349 ufai
337 2291 488 2348 sollicitari
508 2290 548 2348 ad
568 2288 759 2347 delectionem
783 2308 802 2347 e
822 2301 946 2366 tyranno
966 2298 1094 2364 possent.
1140 2290 1211 2349 Non
1231 2300 1292 2348 tam
1308 2282 1342 2337 ll

248 2391 314 2458 h
342 2396 428 2454 dietis
453 2394 579 2471 perfuga
610 2393 694 2465 lecit,
726 2413 814 2469 quarn
843 2393 976 2469 perculso
1006 2402 1084 2449 metu
1112 2392 1293 2467 relinquendi

248 2507 324 2561 m
345 2519 466 2559 eausam
490 2499 672 2575 probabilem
694 2500 827 2574 praebuit.
877 2499 1002 2557 Postero
1023 2497 1071 2555 die
1091 2498 1291 2573 Pythagoram
1306 2490 1344 2549 ¹²

248 2602 506 2664 hs'auxiliaribus
527 2614 557 2661 et
576 2605 707 2679 equitatu
729 2605 884 2662 stationem
908 2623 996 2678 egere
1016 2623 1071 2680 pro
1092 2603 1171 2661 vallo
1194 2603 1293 2673 iussit3

248 2692 293 2783 b
317 2720 457 2786 tauquam
484 2710 516 2767 in
546 2709 638 2767 seiem
666 2727 732 2766 cum
759 2710 866 2766 robore
888 2709 1032 2766 exereitus
1053 2727 1187 2785 egressum
1208 2708 1293 2783 signa

248 2794 309 2891 flu
333 2814 405 2872 ferri
433 2815 472 2871 ad
494 2815 595 2872 urbem
617 2813 710 2871 iussit.
767 2813 969 2889 Philopoemen
996 2825 1151 2889 postquam
1174 2814 1292 2870 oitutuur
1337 2810 1387 2879 30

248 2920 330 2993 ξω
354 2938 410 2995 per
437 2928 594 2994 angustam
622 2927 652 2975 et
679 2918 838 2994 proclivem
869 2919 950 2977 viam
980 2920 1048 2977 duoi
1073 2919 1179 2994 raptim
1210 2917 1294 2986 vidit,

248 3020 385 3097 *tutum
412 3043 529 3083 omnem
557 3032 586 3081 et
615 3022 797 3082 Cretensium
825 3024 982 3081 auxiliares
1010 3024 1040 3081 iu
1064 3023 1218 3080 stationem
1239 3023 1294 3078 ho·

248 3112 321 3201 h,
348 3148 415 3206 qua
443 3148 500 3205 pm
526 3128 629 3186 mam
648 3137 728 3199 erar,
760 3129 874 3186 emita
924 3129 972 3186 lui
995 3128 1045 3185 unt
1069 3128 1167 3184 noae
1192 3129 1324 3185 maaet

248 3233 386 3293 *asnis
412 3250 446 3290 se
474 3232 606 3290 desertos
632 3232 776 3304 viderunt,
804 3233 899 3308 primo
927 3231 958 3288 in
987 3241 1086 3288 eastra
1112 3231 1242 3306 recipere
1261 3250 1295 3289 se

248 3330 322 3399 Ruti
340 3346 426 3407 snut3
448 3336 571 3407 deinde,
593 3346 751 3412 postquam
772 3338 912 3394 instructa
933 3336 1011 3394 acies
1033 3345 1096 3393 tota
1117 3337 1325 3394 theorumb

248 3422 446 3515 ¹fitt'vebabut,
458 3451 549 3511 metu,
562 3460 600 3498 ne
610 3459 676 3498 enm
688 3442 758 3516 ipsis
770 3441 873 3498 cestris
887 3451 1069 3517 superentur,
1082 3442 1165 3516 sequi
1175 3460 1294 3499 suorum

248 3534 328 3615 hist
349 3546 539 3622 ¹sliqn'sntum
575 3563 767 3620 prngressnm
796 3547 941 3607 insistunt.
998 3545 1155 3621 Extemplo
1184 3543 1326 3604 conatii

248 3638 400 3711 fflomm
429 3651 460 3708 in
490 3658 590 3708 eastra
616 3649 756 3724 impetum
783 3650 895 3709 facium
915 3659 945 3707 et
965 3650 1116 3726 diripiuut3
1141 3652 1230 3709 aeteri
1256 3653 1295 3711 au

248 3742 441 3834 Quarum
460 3757 562 3813 hostes
582 3753 626 3811 ire
646 3764 779 3828 pergunt.
816 3756 891 3812 Erat
907 3756 962 3812 iter
982 3756 1050 3826 tale,
1071 3774 1124 3830 per
1144 3756 1224 3830 quod
1244 3756 1296 3814 vix

248 3862 411 3938 usquiltnm
442 3861 483 3916 sb
512 3858 613 3916 hostili
635 3869 712 3914 metu
736 3877 841 3934 agmen
861 3859 991 3934 expediri
1010 3871 1118 3933 posset.
1162 3861 1204 3919 Ut
1224 3872 1326 3923 veno5

248 3954 444 4043 lpostremos
465 3963 601 4040 proelium
626 3975 721 4020 ortum
744 3974 789 4020 est
813 3965 984 4035 clamorque
1004 3963 1140 4022 terribilis
1154 3967 1193 4021 ab
1211 3976 1295 4038 tergo

248 4069 405 4129 nntium·
417 4069 457 4125 ad
478 4069 576 4144 prima
596 4067 681 4142 signa
701 4079 746 4124 est
766 4068 906 4142 perlatus,
936 4086 990 4141 pro
1009 4086 1042 4124 se
1063 4069 1185 4143 qtrisqam
1205 4069 1295 4126 armis

248 4172 344 4233 m
364 4174 397 4231 in
417 4172 620 4231 ursoniam
641 4171 736 4228 itineri
766 4171 856 4229 silvas
886 4170 1059 4247 diffugiunt,
1087 4180 1327 4246 momentoquea

248 4279 364 4359 superis
384 4288 487 4354 stu-age
508 4283 659 4334 umorum
682 4286 776 4350 saepte
799 4275 848 4333 via
869 4285 923 4346 est,
952 4276 1079 4333 maxime
1102 4275 1202 4346 beatis,
1229 4295 1296 4351 qute
