3484 5025
479 507 518 564 48
745 501 824 551 Liber
838 499 954 552 XXXII.
992 499 1073 562 (aa,
1085 512 1109 553 o.
1120 498 1191 561 aab.)

407 693 505 763 ‹ipost
527 687 556 744 iu
578 684 781 742 Macedoniam
814 703 868 759 pro
900 682 1070 740 voluntariis
1098 690 1297 757 transportata
1329 690 1421 745 erant.
1464 682 1495 739 ld

437 792 586 848 voluntate
616 788 725 847 factum
749 789 910 863 negabant3
943 788 981 844 ab
1011 787 1133 843 tribunis
1161 799 1329 844 recusantes
1359 786 1393 844 iu
1413 804 1495 845 naves

438 896 600 971 impositos.
647 895 719 954 *Sed
751 908 898 968 utcunque
935 912 986 950 seu
1018 892 1146 949 iniuncta
1186 909 1236 949 seu
1263 901 1402 968 suscepta
1428 891 1496 950 foret

437 1001 555 1071 militia,
583 1010 612 1057 et
636 1019 699 1057 earn
724 1001 912 1067 exhaustam,
946 1006 975 1054 et
1002 999 1086 1054 finem
1118 997 1244 1071 aliquem
1271 996 1417 1054 militandi
1442 996 1496 1054 lieri

408 1113 551 1181 bsequum
577 1123 648 1161 esse.
706 1105 808 1162 Multis
840 1104 923 1161 annis
959 1120 1022 1159 sese
1055 1102 1171 1159 Italiam
1199 1120 1257 1158 non
1280 1102 1403 1171 vidisse;
1435 1119 1495 1160 con-

437 1211 566 1269 senuisse
588 1211 641 1267 sub
659 1211 748 1267 armis
764 1210 793 1266 in
815 1208 924 1277 Sicilia,
938 1207 1052 1279 Africa,
1073 1207 1263 1276 Macedonia;
1284 1206 1495 1265 confectosiau

408 1322 469 1376 bes
489 1316 599 1383 labore,
621 1333 718 1391 opere,
740 1331 903 1388 exsangues
924 1323 969 1371 tot
989 1313 1115 1387 acceptis
1138 1312 1303 1369 vulneribus
1323 1330 1398 1372 esse.
1426 1310 1495 1371 Cau·

437 1422 482 1478 sul
504 1438 622 1478 causam
647 1420 828 1494 postulandae
850 1418 994 1475 missionis
1015 1419 1206 1492 probabilem,
1228 1418 1253 1475 si
1274 1418 1407 1475 modeste
1424 1426 1495 1493 pete·

436 1536 524 1595 retur,
545 1524 637 1582 videri
660 1525 748 1593 dixit;
770 1524 919 1582 seditionis
944 1516 1005 1581 nsc'
1024 1542 1089 1580 eam
1120 1542 1174 1580 nec
1195 1524 1283 1582 ullam
1312 1522 1402 1580 aliam
1432 1522 1495 1580 satis

408 1630 542 1690 7iustam
565 1629 779 1687 causam'asse.
826 1630 932 1702 ltaque
967 1629 991 1685 si
1023 1648 1142 1686 manere
1174 1630 1213 1685 ad
1246 1628 1330 1703 signa
1363 1637 1394 1684 et
1426 1627 1500 1687 dicto

437 1753 541 1809 parere
563 1735 661 1802 velint,
698 1752 730 1790 se
752 1734 788 1791 de
810 1733 947 1790 missione
969 1753 1067 1791 eorum
1091 1736 1129 1791 ad
1158 1743 1289 1791 senatum
1312 1732 1495 1808 scriptumest

438 1839 581 1896 modestia
601 1838 715 1896 facilius
737 1857 823 1912 quam
847 1840 1016 1913 pertinacia,
1039 1840 1117 1914 quod
1138 1838 1237 1909 velint,
1258 1837 1470 1912 impetraturos.
1531 1883 1533 1904 ,

343 1943 364 2011 4
521 1945 708 2001 Thaumacos
733 1962 768 2000 eo
792 1952 922 2018 tempore
944 1944 1098 2020 Philippus
1119 1961 1234 2000 summa
1261 1941 1290 1998 vi
1312 1942 1495 2017 oppugnabat

438 2050 592 2124 aggeribus
614 2047 781 2121 vineisque,
807 2056 836 2103 st
863 2046 921 2103 iam
954 2049 1073 2105 arietem
1101 2049 1191 2105 muris
1220 2048 1393 2104 admoturus
1412 2055 1495 2114 ,eratt

407 2160 563 2215 iceterum
585 2152 701 2226 incepto
729 2151 869 2210 absistere
894 2172 959 2210 eum
981 2154 1077 2229 coegit
1107 2154 1219 2211 subitus
1248 2152 1418 2211 AEtolorum
1449 2150 1494 2209 ad·
1529 2147 1533 2174 ⁶

437 2270 549 2331 ventus,
571 2260 620 2333 qui
632 2258 813 2316 Archidamo
835 2259 908 2315 duce
929 2259 1004 2316 inter
1025 2260 1171 2317 custodias
1186 2259 1381 2316 Macedonum
1397 2255 1495 2316 mnan
1530 2235 1533 2242 Ι

437 2363 558 2437 ingressi
583 2383 636 2421 nec
670 2372 755 2420 nocte
783 2382 836 2421 nec
867 2363 914 2419 die
940 2364 1026 2420 finem
1058 2364 1147 2420 ullum
1178 2363 1348 2439 erumpendi
1376 2360 1494 2420 nuncin

407 2470 585 2539 delationes,
607 2469 733 2526 nuncin
755 2488 845 2544 opera
867 2469 1060 2527 Macedonum
1086 2469 1240 2529 faciebant.
1288 2468 1328 2526 Et
1341 2468 1494 2526 adiuvabat

437 2593 487 2632 eos
508 2585 614 2631 natura
637 2574 703 2649 ipsa
724 2574 799 2645 loci..
846 2575 984 2649 Namque
1018 2576 1181 2633 Thaumaci
1216 2595 1235 2632 a
1266 2574 1349 2649 Pylis
1380 2574 1495 2647 sinuque

436 2680 564 2737 Maliaco
587 2697 639 2753 per
662 2677 795 2735 Lamiam
818 2679 896 2735 eunti
926 2679 991 2736 loco
1014 2680 1074 2737 alto
1096 2679 1143 2736 siti
1164 2689 1231 2737 suut
1259 2679 1289 2735 in
1317 2679 1389 2753 ipsis
1409 2676 1494 2735 fauci-
1528 2662 1533 2725 ἶ

407 2784 500 2854 thus,
521 2783 712 2853 imminentes,
735 2802 822 2857 quam
843 2782 942 2841 Coelen
958 2795 1073 2855 vocant,
1096 2785 1269 2853 Thessalia,
1299 2770 1389 2857 atque
1407 2793 1515 2841 maae-

437 2889 515 2945 eunti
538 2887 714 2962 confragosa
734 2879 801 2945 loca
822 2888 1043 2963 implicataeque
1069 2890 1192 2946 flexibus
1213 2889 1333 2946 vallium
1357 2891 1423 2946 vias
1450 2885 1494 2945 ubi

436 3003 554 3049 ventum
584 2994 622 3049 ad
653 2995 729 3051 hanc
751 2995 850 3051 urbem
874 3002 930 3063 est,
959 3004 1078 3067 repente
1108 2994 1187 3051 velut
1217 2994 1306 3051 maris
1336 2992 1428 3062 vasti,
1458 2991 1494 3049 sic

437 3098 572 3154 universa
605 3100 741 3174 panditur
769 3098 918 3174 planities,
950 3107 982 3156 ut
1016 3099 1160 3156 subiectos
1198 3116 1318 3172 campos
1345 3091 1494 3155 terminare

407 3202 527 3265 noculis
549 3204 628 3260 haud
649 3203 735 3261 facile
756 3222 862 3277 queas;
884 3204 922 3260 ab
947 3221 982 3259 eo
1007 3203 1146 3261 miraculo
1168 3203 1332 3260 Thaumaci
1353 3199 1494 3277 appellati

435 3308 500 3364 Nec
521 3307 671 3364 altitudine
693 3308 787 3364 solum
810 3318 873 3365 tuta
894 3309 972 3378 urbs,
1006 3309 1057 3365 sed
1079 3310 1157 3382 quod
1186 3326 1260 3366 saxo
1281 3307 1411 3380 undique
1434 3305 1494 3363 abt·

405 3412 496 3476 (tciso
524 3413 644 3486 rupibus
673 3412 810 3487 imposita
837 3421 890 3473 est.
946 3415 1002 3470 Hae
1024 3413 1223 3481 difficultates,
1255 3422 1284 3469 et
1313 3412 1394 3486 quod
1423 3408 1495 3468 haud

435 3519 506 3574 satis
536 3518 654 3591 dignum
686 3519 760 3575 tanti
787 3518 896 3574 laboris
923 3518 1100 3592 periculique
1130 3519 1253 3593 pretium
1281 3527 1360 3588 erat,
1390 3526 1425 3574 ut
1448 3515 1493 3574 ab

406 3622 550 3686 7sisteret
585 3620 701 3697 incepto
723 3623 887 3698 Philippus,
921 3621 1086 3680 effecerunt.
1148 3623 1250 3680 Hiems
1288 3641 1407 3698 quoque
1441 3622 1494 3681 iam

435 3727 572 3794 instabat,
595 3745 683 3799 quum
709 3727 776 3783 inde
798 3727 939 3783 abscessit
970 3736 999 3783 et
1028 3727 1057 3782 in
1087 3727 1290 3786 Macedoniam
1319 3728 1350 3785 in
1380 3728 1495 3787 mouns

435 3832 535 3906 copias
556 3831 680 3889 reduxit.

340 3941 361 4006 5
518 3937 565 3994 Ibi
596 3937 682 3993 ceteri
711 3937 844 4010 quidem,
877 3938 947 3995 data
984 3936 1198 4010 quanticunque
1224 3938 1321 4011 quiete
1351 3937 1494 4014 temporis,

404 4041 520 4106 2simul
543 4040 656 4097 animos
678 4060 858 4115 corporaque
879 4042 1067 4111 remiserant;
1095 4042 1273 4118 Philippum,
1300 4054 1441 4117 quantum
1460 4041 1493 4099 ab

435 4147 558 4204 assiduis
588 4146 737 4202 laboribus
767 4145 901 4205 itinerum
931 4165 1151 4223 pugnarumque
1177 4148 1332 4205 laxaverat
1363 4149 1492 4214 animum,

434 4251 632 4324 tantomagis
655 4251 794 4308 intantum
817 4251 847 4307 in
869 4251 1034 4308 universum
1058 4262 1191 4309 eventum
1208 4253 1275 4309 belli
1290 4271 1367 4310 curas
1382 4262 1492 4328 angunt,
