3484 5025
434 523 450 578 8
691 518 769 570 Liber
783 520 910 571 XXXVI.
948 518 995 583 (Δ.
1008 535 1034 571 u.
1047 534 1070 569 c.
1085 518 1157 583 568.)

392 721 522 761 accersas
541 721 643 761 censeo
662 718 761 759 omnes
778 703 898 761 navales
913 712 1122 778 terrestresque
1134 704 1241 780 copias.
1280 703 1387 777 Sequana
1431 693 1437 725 ⁵

391 810 512 866 classem
542 808 681 865 oneraria
710 827 773 865 curn
804 809 1029 879 commeatibus;
1059 829 1127 867 nam
1154 810 1201 867 hic
1224 810 1289 869 sicat
1308 801 1391 867 albeli
1438 796 1440 806 ¹

392 933 511 972 munera
533 913 619 990 pauci
640 933 748 984 sumas,
770 914 812 971 sic
833 912 918 970 nimis
940 914 1023 971 multi
1044 933 1098 990 pro
1119 916 1219 991 inopia
1235 923 1394 974 munerans.

342 1021 378 1077 18
393 1021 488 1093 Quum
511 1038 611 1077 omnes
634 1028 698 1076 tuas
720 1019 900 1075 contraxeris
923 1019 1014 1089 vires,
1044 1021 1170 1079 divisam
1201 1022 1313 1080 classem
1331 1017 1396 1096 parti!

392 1124 528 1201 Corcyra
554 1125 583 1181 in
611 1125 736 1183 statione
757 1124 894 1193 habebis,
923 1144 959 1181 ne
989 1126 1129 1183 transitus
1150 1126 1286 1185 Romards
1309 1124 1361 1184 liber
1378 1138 1399 1180 ιι

343 1233 377 1288 19
391 1240 469 1289 tutus
485 1240 594 1307 pateat,
613 1232 719 1307 partim
737 1232 775 1288 ad
791 1230 858 1287 litus
875 1230 977 1301 Italiae,
996 1232 1075 1304 quod
1091 1231 1257 1291 Sardiniam
1267 1230 1402 1303 dirimat!

392 1346 520 1413 spectat,
551 1337 693 1407 traiicies;
728 1338 791 1413 ipse
823 1355 888 1394 cum
922 1336 1056 1394 omnibus
1087 1336 1270 1395 terrestribus
1300 1333 1405 1413 copiis'a

339 1444 378 1499 20
392 1441 539 1499 Bullinum
562 1460 664 1517 agrum
687 1441 841 1516 procedes;
863 1441 929 1498 inde
946 1440 1069 1500 Gracia
1084 1442 1264 1519 praesidebis,
1283 1451 1310 1501 et
1326 1437 1407 1519 aptast

391 1546 531 1606 Romanis
546 1546 731 1604 traiecturum
747 1555 776 1603 te
790 1547 921 1621 praebens
937 1556 974 1617 et,
989 1546 1014 1603 si
1027 1565 1075 1604 res
1090 1546 1265 1624 poposcerit,
1279 1548 1416 1607 aaran

392 1654 463 1710 Haec
478 1652 597 1720 suadeo,
620 1652 678 1727 qui,
700 1661 732 1709 ut
752 1672 811 1709 non
833 1652 927 1709 omnis
945 1652 1137 1727 peritissimus
1151 1654 1206 1712 sim
1223 1654 1297 1725 belli,
1316 1654 1414 1712 ornus

340 1760 375 1815 21
393 1757 485 1814 manis
497 1766 573 1814 certe
587 1756 697 1814 bellare
712 1758 795 1815 bonis
812 1758 954 1833 malisque
970 1757 1041 1815 meis
1056 1757 1153 1816 didici.
1188 1760 1224 1817 In
1235 1779 1348 1836 quaec·
1358 1787 1362 1808 ι
1381 1758 1394 1803 ἰ
1420 1792 1424 1803 =

392 1864 473 1933 dedi,
501 1862 530 1918 in
559 1862 660 1918 eadem
688 1881 742 1919 nec
768 1863 913 1921 infidelem
942 1882 995 1921 nec
1024 1881 1142 1939 segnem
1171 1882 1290 1941 operam
1312 1864 1426 1941 palm»

391 1959 442 2026 Dii
465 1969 628 2043 approbent
649 1986 713 2024 eam
736 1968 923 2038 sententiam,
955 1987 1019 2043 quae
1048 1968 1101 2026 tibi
1124 1969 1238 2044 optima
1258 1971 1322 2028 visa
1338 1967 1425 2032 aaut*

297 2068 318 2138 8
475 2074 548 2131 Haec
565 2072 657 2130 ferme
673 2074 849 2131 Hannibalis
872 2075 966 2132 oratio
988 2073 1052 2143 fuit,
1077 2093 1166 2147 quam
1188 2075 1342 2135 laudarunt
1359 2072 1428 2142 nr‘a¹¹

392 2180 420 2235 in
447 2180 616 2253 prasentia,
644 2179 694 2253 qui
723 2179 860 2249 aderant,
895 2198 982 2254 quam
1010 2180 1097 2237 rebus
1123 2180 1195 2255 ipsis
1223 2182 1347 2239 exsecmi
1371 2199 1397 2238 a
1416 2206 1425 2218 ι

392 2284 462 2341 nihil
484 2286 558 2342 enim
582 2303 682 2341 eorum
703 2283 813 2341 factum
836 2294 898 2355 est,
921 2285 976 2341 nisi
999 2285 1077 2358 quod
1098 2286 1137 2342 ad
1158 2286 1283 2343 classem
1304 2304 1404 2362 capu·¹
1428 2282 1429 2285 ’

362 2390 582 2448 taccersendas
604 2409 641 2446 ex
663 2390 738 2447 Asia
760 2388 972 2463 Polyxenidam
996 2389 1081 2446 misit.
1137 2389 1389 2466 LegatiLarisam

392 2496 543 2552 concilium
566 2494 774 2552 Thessalorum
806 2503 873 2551 sunt
902 2494 997 2565 missi,
1026 2503 1054 2550 et
1075 2495 1186 2553 AEtolis
1210 2494 1406 2572 Amynandroq
1431 2539 1433 2542 .

392 2602 453 2657 dies
493 2601 531 2657 ad
568 2600 796 2658 conveniendum
835 2592 896 2656 c'am
933 2599 1060 2656 exercitu
1095 2600 1210 2657 Pheras
1249 2613 1292 2658 est
1326 2601 1428 2657 indicta

363 2706 503 2762 3Eodem
528 2715 556 2762 et
577 2725 628 2761 rex
651 2724 716 2761 cum
739 2705 798 2761 suis
820 2705 911 2779 copiis
929 2704 1080 2761 confestim
1098 2706 1185 2762 venit.
1222 2706 1269 2764 Ibi
1288 2707 1352 2763 dum
1367 2723 1417 2760 ιοι

392 2811 464 2867 ritur
488 2811 712 2885 Amynandrum
735 2819 823 2883 atque
843 2810 972 2876 AEtolos,
994 2810 1160 2885 Philippum
1180 2811 1413 2887 megalopolitam
1428 2831 1436 2840 ¹¹

393 2934 457 2971 cum
486 2915 598 2972 duobus
626 2915 751 2971 millibus
776 2914 925 2971 hominum
954 2916 991 2971 ad
1021 2915 1145 2989 legenda
1175 2934 1244 2973 ossa
1266 2916 1432 2973 Macedon

393 3021 470 3078 circa
492 3018 737 3094 Cynoscephalas,
761 3020 810 3076 ubi
832 3020 1006 3077 debellatum
1030 3030 1093 3077 erat
1114 3040 1179 3077 cum
1202 3022 1349 3098 Philippo,
1371 3020 1413 3077 m'·2

363 3125 454 3182 lsive
474 3126 511 3181 ab
533 3125 612 3200 ipso,
645 3133 790 3201 quarente
814 3125 870 3182 sibi
895 3126 1174 3183 commendationem
1205 3128 1243 3184 ad
1267 3127 1414 3184 Macedon

393 3241 507 3306 gentem
536 3241 563 3287 et
587 3232 724 3289 invidiam
751 3231 829 3305 regi,
864 3231 942 3303 quod
969 3230 1128 3304 insepultos
1157 3230 1260 3288 milites
1289 3232 1414 3306 reliqn'

395 3337 534 3406 monitus,
564 3337 625 3392 sive
655 3336 800 3392 ab'insita
823 3335 940 3409 regibus
963 3336 1092 3392 vanitate
1121 3336 1158 3391 ad
1186 3337 1337 3393 consilium

364 3439 539 3516 5amplum,
575 3461 607 3497 re
635 3442 721 3498 inane
752 3441 860 3517 animo,
878 3441 1002 3499 adiecto.
1061 3441 1204 3497 Tumulus
1236 3451 1282 3498 est
1315 3443 1344 3499 in
1371 3454 1434 3498 uuas

395 3547 517 3614 ossibus,
540 3565 603 3620 quaa
619 3545 727 3621 passim
743 3555 836 3602 strata
851 3553 943 3614 erant,
965 3547 1144 3602 coacervatis
1159 3545 1265 3617 factus,
1290 3549 1339 3622 qui
1353 3547 1435 3604 nullu

393 3652 517 3727 gratiam
546 3652 584 3708 ad
611 3651 805 3718 Macedonas,
838 3649 935 3705 odium
964 3650 1065 3724 ingens
1094 3651 1132 3706 ad
1161 3652 1330 3727 Philippum
1360 3648 1436 3710 morit.

364 3754 498 3830 (illaque
520 3758 570 3831 qui
591 3756 678 3814 adid
700 3766 813 3830 tempus
835 3754 982 3812 fortunam
1006 3764 1081 3845 esset
1105 3756 1257 3813 habiturus
1280 3759 1308 3814 in
1332 3755 1445 3821 consilia:

394 3861 418 3917 is
440 3862 585 3936 extemplo
609 3862 646 3918 ad
667 3862 709 3920 M.
732 3860 864 3917 Baebium
886 3869 1093 3935 propraetorem
1117 3861 1208 3931 misit,
1231 3863 1404 3921 Antiochum
1418 3858 1445 3949 itt

394 3966 577 4024 Thessaliam
589 3967 726 4042 impeturn
739 3966 857 4035 fecisse3
873 3965 897 4022 si
912 3966 1058 4021 videretur
1073 3965 1109 4033 ei,
1126 3976 1257 4022 moveret
1273 3985 1310 4024 cx
1323 3964 1440 4031 hiberultt

395 4088 426 4125 se
442 4070 557 4127 obviam
575 4089 791 4146 processurum,
815 4081 861 4138 at,
884 4071 953 4144 quid
976 4070 1118 4145 agendum
1142 4079 1231 4139 esset,
1255 4073 1442 4130 consultarent

299 4157 318 4227 9
478 4175 625 4233 Antiocho
646 4177 683 4232 ad
703 4178 814 4234 Pheras
837 4177 895 4232 iam
918 4183 1014 4232 castre
1035 4174 1163 4243 habenti,
1188 4174 1237 4232 ubi
1254 4178 1444 4235 coniunxerat

364 4281 381 4336 2
396 4280 420 4337 ei
438 4299 469 4336 se
481 4280 575 4337 AEtoli
590 4289 618 4336 et
630 4281 830 4356 Amynander,
847 4280 937 4354 legati
954 4281 991 4338 ab
1005 4279 1109 4336 Larisa
1123 4289 1276 4348 venerant,
1297 4291 1445 4355 quaerente,
