3484 5025
594 512 673 563 uuor
689 510 804 562 mn
842 508 1056 581 (ututur.)¹
1272 501 1316 569 si

290 696 372 765 loris,
393 705 425 753 et
445 696 592 755 Veliterni
613 695 759 771 Apollinis
780 705 810 751 et
834 695 951 769 Sangus
981 694 1072 764 mdes,
1102 703 1130 750 et
1158 694 1188 750 in
1219 695 1354 753 Herculis

292 800 345 856 ude
366 802 506 877 capillum
530 810 663 869 enatum,
691 810 721 857 et
750 819 788 856 ex
810 799 931 856 Bruttiis
953 800 992 855 sb
1014 798 1051 871 Q.
1075 798 1203 857 Minucio
1224 803 1352 875 propru-
1371 808 1401 861 ll

293 914 348 962 tere
371 907 523 982 seriptum,
547 905 676 963 eculeum
693 923 758 961 eum
775 905 903 978 quinque
917 904 1048 979 pedibus,
1071 904 1166 978 pullos
1176 905 1353 978 gallinaceos

295 1021 345 1065 trss
367 1027 433 1066 eum
457 1012 549 1067 ternis
570 1010 693 1085 pedibus
720 1019 807 1065 ustos
828 1027 901 1067 esse.
960 1011 988 1066 A
1013 1009 1050 1065 P.
1078 1006 1207 1083 Sulpicio
1230 1014 1403 1084 proten-*li

298 1116 350 1171 sule
370 1134 408 1171 ex
421 1113 722 1171 Macedonianum
745 1114 849 1182 ullstae,
870 1115 901 1170 in
924 1115 1028 1188 quibus
1049 1114 1241 1171 intercutem
1263 1116 1353 1190 serip-

300 1231 349 1276 tum
370 1229 443 1290 erut,
464 1220 595 1275 laureum
624 1219 655 1275 in
681 1219 773 1295 puppi
802 1220 887 1276 nuris
914 1220 1009 1293 longus
1035 1230 1163 1278 enatum.
1218 1219 1352 1275 Priorum
1369 1227 1403 1281 13

301 1326 487 1401 prodigiorum
514 1341 605 1381 euuss
634 1335 753 1381 senutus
780 1334 947 1395 censuerat,
976 1334 1006 1381 ut
1034 1325 1167 1382 eonsules
1195 1325 1353 1382 maioribus

304 1430 399 1499 bestiis,
422 1430 529 1503 quibus
550 1429 605 1486 diis
626 1430 781 1499 rideretur,
802 1429 1014 1499 sacrificarent3
1041 1431 1079 1486 ob
1101 1431 1157 1487 hoe
1174 1448 1262 1485 unum
1284 1449 1352 1505 pro·
1369 1439 1404 1492 14

306 1535 398 1609 dmum
434 1536 606 1610 haruspices
645 1535 675 1591 in
707 1523 839 1592 senstum
873 1535 985 1606 vocati,
1025 1546 1113 1609 atque
1143 1554 1181 1592 ex
1212 1552 1352 1609 responso

308 1657 389 1696 sorum
410 1640 586 1715 supplieutio
607 1639 717 1714 populo
744 1641 774 1697 in
799 1641 875 1697 diem
897 1659 985 1697 unum
1007 1641 1117 1698 indicta
1138 1648 1168 1696 et
1189 1640 1226 1696 ad
1256 1638 1353 1696 omnia

307 1744 453 1817 pulvinaris
473 1763 521 1801 res
542 1744 647 1801 divinae
666 1744 761 1803 factu.

373 1849 628 1925 Carthaginienses
651 1868 686 1906 eo
708 1869 785 1908 euno
806 1862 958 1926 argentum
982 1851 1011 1907 in
1033 1850 1206 1925 stipendium
1232 1851 1353 1924 imposi·
1425 1851 1447 1919 2

309 1961 353 2010 turn
372 1956 497 2029 primum
518 1957 643 2013 Rerum
668 1957 857 2014 advexerunt
906 1956 942 2013 Id
964 1956 1033 2029 quis
1054 1956 1177 2030 probum
1199 1975 1257 2013 non
1290 1962 1383 2016 esset

309 2069 448 2133 questores
467 2061 707 2118 renuntiaverunt
724 2062 996 2136 experientibusque
1017 2078 1086 2137 pars
1108 2072 1214 2135 qusrtu
1234 2062 1354 2119 decoctu

309 2174 371 2235 snt,
399 2166 525 2240 peeuniu
552 2166 654 2222 Romu
686 2176 787 2223 mutus
818 2175 935 2242 sumptu
968 2166 1207 2224 intertrimentum
1242 2168 1353 2242 urgenti

310 2269 488 2344 uplsrerunt.
535 2270 704 2327 Petentrbus
731 2271 844 2340 deinde,
869 2282 915 2342 nt,
936 2272 961 2328 si
982 2271 1040 2328 ium
1064 2272 1211 2330 videretur
1230 2273 1384 2342 senstui,3

309 2372 406 2431 obsides
434 2374 492 2431 sibi
518 2374 716 2443 redderentur,
745 2386 859 2433 eentum
889 2377 992 2433 redditi
1022 2376 1153 2442 obsides3
1183 2375 1220 2431 de
1242 2375 1354 2445 ceteris,

308 2477 368 2536 siin
387 2480 445 2538 fide
466 2490 686 2555 permanerent,
718 2499 785 2557 spes
813 2481 904 2541 faeta.
956 2480 1126 2540 Potentibus
1156 2479 1273 2550 iisdem,
1306 2481 1386 2554 quit

308 2599 353 2645 lou
371 2572 720 2657 reddebantur'obsiden
753 2598 785 2644 ut
806 2589 845 2645 ab
862 2588 982 2657 Norba,
1010 2586 1060 2643 ubi
1077 2604 1180 2660 purum
1203 2586 1356 2642 commode

308 2701 394 2761 urent,
416 2691 477 2748 ulio
499 2692 728 2764 traducerentur,
749 2711 929 2761 consessum,
952 2702 985 2749 ut
1005 2691 1136 2766 Signiam
1167 2699 1197 2747 et
1226 2690 1356 2746 Ferenti-

307 2809 361 2851 num
380 2774 547 2853 transirent.
594 2796 751 2855 Gaditanis
770 2798 839 2854 item
862 2796 1025 2872 petentibus
1045 2796 1207 2866 remissum,
1228 2814 1265 2851 ne
1282 2803 1387 2870 prs-5

258 2944 259 2951 ι
307 2894 384 2957 tetus
403 2900 508 2960 Gades
529 2901 690 2959 mitteretur
711 2903 853 2960 adversus
866 2901 914 2972 -id,
938 2901 1016 2975 quod
1037 2901 1072 2957 iis
1094 2901 1125 2957 in
1146 2899 1231 2957 fldem
1256 2899 1357 2975 populi

258 2985 259 3033 3
306 3000 417 3062 Remuni
437 3006 621 3063 venientibus
641 3025 706 3064 eum
729 3009 764 3068 L.
789 3007 904 3064 Marcio
927 3005 1058 3081 Septimo
1082 3006 1271 3064 convenisset
1318 3005 1387 3067 Ets

306 3105 498 3166 Narniensium
520 3111 624 3186 legatis
645 3113 841 3187 querentibus,
862 3112 1068 3170 adnumerum
1090 3112 1144 3169 sibi
1159 3111 1278 3168 eolonos
1299 3129 1357 3168 non

307 3227 359 3269 κιο
377 3223 406 3272 et
426 3214 576 3272 immixtos
595 3218 737 3290 quesdurn
760 3235 819 3274 non
846 3218 892 3274 sui
912 3217 1026 3292 generis
1047 3235 1102 3291 pro
1124 3216 1234 3273 colonis
1255 3233 1287 3271 se
1307 3233 1357 3290 ge·

307 3333 366 3387 rurs,
386 3339 487 3376 eamrn
510 3339 611 3378 rerum·
630 3339 721 3379 eausa
741 3323 882 3379 tresviros
904 3340 1003 3379 creare
1026 3322 1060 3378 L.
1085 3319 1237 3378 Cornelius
1258 3321 1358 3377 consul

309 3419 398 3481 iunus.
446 3423 547 3482 Creati
574 3427 608 3488 P.
631 3436 660 3482 et
681 3427 750 3486 Sex.
774 3427 850 3484 AElii
877 3429 977 3499 (Pestis
1007 3427 1063 3484 fuir
1084 3427 1227 3483 ambobus
1248 3433 1386 3499 cogno-7

308 3531 372 3603 nen)
392 3542 421 3587 et
442 3530 496 3588 Cn.
524 3529 675 3588 Cornelius
698 3533 847 3594 Lentulus.
904 3532 990 3605 Quod
1017 3531 1229 3588 Narniensibus
1258 3531 1357 3587 dutum

309 3645 366 3705 erut,
385 3645 418 3694 nt
436 3636 607 3692 colonorum
628 3655 765 3694 numerus
787 3647 951 3713 augeretur,
973 3637 1004 3694 id
1019 3635 1128 3693 Cosani
1149 3645 1278 3711 petentes
1299 3657 1356 3696 non

309 3737 529 3814 impetraverunt.

377 3849 485 3917 Rebus,
507 3865 572 3920 quae
593 3850 695 3906 Romae
716 3848 836 3922 ugendae
857 3858 957 3918 erent,
988 3845 1138 3921 perfectis,
1164 3848 1298 3904 eonsules
1327 3849 1356 3905 in
1432 3845 1454 3914 8

311 3951 459 4020 provincius
478 3950 613 4026 profecti.
660 3953 697 4014 P.
713 3953 818 4010 Villius
839 3953 869 4009 in
884 3951 1088 4009 Macedoniam
1111 3970 1199 4026 quum
1222 3953 1388 4021 venissem

314 4061 382 4112 tlrex
400 4058 505 4114 seditio
527 4057 648 4115 militum
669 4059 728 4114 ium
758 4066 825 4114 snte
853 4057 968 4113 irritatu
994 4074 1048 4114 nee
1070 4057 1142 4113 sutis
1167 4056 1197 4112 in
1218 4056 1360 4131 principio

315 4171 461 4235 tonprsssu
487 4162 611 4238 excepit.
669 4163 738 4220 Duo
767 4162 856 4219 millia
884 4179 920 4217 ea
951 4161 1072 4217 militum
1099 4160 1199 4230 fuere,
1233 4179 1297 4235 qua
1323 4159 1389 4245 913

316 4260 399 4323 stru
418 4276 486 4342 post
506 4268 651 4324 devictum
673 4267 867 4325 Hannibalem
888 4266 922 4323 in
947 4265 1086 4333 Siciliam,
1110 4265 1177 4322 inde
1200 4265 1277 4322 sntio
1299 4264 1360 4322 fere
