3484 5025
603 528 681 578 urae
701 528 830 581 xxx1x.
859 510 1069 595 (achates.)
1268 528 1323 584 tua

300 707 365 765 auri
387 708 424 782 Q.
449 710 573 769 Fabium
597 721 768 787 quaestorem
791 714 951 782 advebere;
986 714 1013 770 id
1044 730 1160 786 quoque
1189 729 1221 767 se
1241 711 1271 768 in
1293 728 1365 767 aara-

299 814 375 871 riam
398 814 569 876 delaturum.

303 920 313 926 “
386 921 512 996 Magnus
536 934 630 980 motus
654 924 767 981 servulis
797 943 932 1000 eoanno
955 924 984 980 in
1007 921 1117 997 Apulia
1139 920 1201 981 fuit.
1250 921 1396 977 Taren-8

298 1033 360 1086 tum
381 1028 565 1101 provinciam
589 1030 623 1088 L.
647 1030 815 1087 Postumius
844 1040 951 1106 proetor
971 1028 1108 1086 habebat.
1155 1026 1187 1083 Is
1209 1027 1245 1083 de
1267 1028 1395 1102 pasto-9

298 1149 364 1188 rum
387 1133 595 1205 coniuratione,
617 1134 667 1209 qui
682 1135 744 1192 vias
759 1134 917 1193 latrociniis
933 1152 1101 1209 pascuaque
1123 1133 1239 1208 publica
1260 1131 1365 1190 infeste

298 1236 489 1308 habuerant„
514 1240 700 1313 questionem
728 1258 829 1297 serere
861 1241 999 1297 exercuit.
1051 1239 1100 1296 Ad
1132 1251 1242 1315 septem
1276 1238 1366 1295 millia

298 1342 450 1400 hominum
471 1346 688 1415 condemnavit3
711 1346 793 1403 uuulti
814 1346 881 1403 inde
903 1344 1054 1420 ingertrut3
1086 1345 1123 1401 de
1145 1344 1241 1402 multis
1267 1362 1365 1417 sump-

289 1456 360 1506 ,tum
384 1459 428 1505 ast
448 1441 629 1526 supplicium.
674 1450 825 1520 Consules,
847 1451 896 1507 din
907 1450 1010 1507 retenti
1030 1450 1067 1507 ad
1081 1452 1180 1507 urbem
1202 1448 1364 1518 dilectibus,
1383 1450 1417 1503 to

298 1552 417 1610 tandem
440 1554 469 1625 iu
494 1555 659 1630 provincia‘s
682 1555 803 1633 profecti
823 1566 898 1612 sunt.

384 1659 496 1716 Eodem
530 1681 607 1719 anno
638 1663 668 1719 in
690 1662 835 1737 Hispania
864 1672 1001 1736 praetores
1024 1660 1058 1721 C.
1081 1659 1255 1734 Calpurnius
1279 1669 1307 1714 et
1330 1658 1363 1717 L.
1419 1650 1460 1720 30

287 1736 471 1836 Quinctius,
504 1786 591 1841 quum
624 1768 718 1843 primo
751 1785 819 1825 vere
852 1786 889 1823 ex
921 1766 1049 1823 hibernis
1072 1765 1171 1841 copias
1194 1763 1313 1819 eductas
1334 1763 1363 1819 in

298 1868 430 1927 Baeturia
451 1872 620 1947 iunxissem,
642 1872 671 1928 in
694 1871 910 1947 Carpetaniam,
937 1872 985 1929 ubi
1006 1872 1132 1928 hostiurn
1155 1879 1251 1927 castra
1273 1880 1364 1939 erant,

299 1978 447 2051 progressi
469 1991 544 2048 stunt,
566 1979 712 2035 communi
737 1978 833 2035 auimo
853 1977 1031 2051 consilioque
1053 1976 1148 2051 parati
1170 1993 1229 2031 rem
1253 1993 1363 2049 gerere.

299 2081 390 2139 Haud
422 2084 524 2160 procul
556 2084 673 2161 Dipone
706 2092 734 2140 et
769 2082 875 2140 Toleto
913 2068 1032 2140 urbibus
1070 2082 1144 2137 inter
1175 2078 1394 2156 pabulatores2

298 2207 400 2265 pugna
421 2200 487 2245 orta
519 2200 579 2259 est,
615 2189 719 2264 quibus
752 2188 819 2245 dum
854 2188 987 2261 utrinqne
1019 2186 1187 2243 subvenitur
1209 2204 1228 2241 a
1251 2185 1363 2256 castris,

299 2294 441 2369 paulatim
465 2313 564 2351 omnes
586 2294 678 2369 copiae
706 2294 736 2352 in
764 2293 855 2362 aciem
887 2293 996 2350 eductae
1018 2304 1094 2350 sunt.
1143 2292 1178 2349 In
1201 2310 1236 2349 eo
1258 2291 1393 2348 tumul-3

277 2399 395 2471 ,luario
419 2398 626 2455 certamincet
647 2399 713 2454 loca
735 2418 789 2455 sua
811 2409 839 2456 et
856 2417 948 2474 genus
971 2418 1075 2473 pugnae
1095 2417 1147 2473 pro
1164 2399 1248 2454 hoste
1270 2397 1363 2465 fuere3

297 2504 357 2562 duo
380 2489 525 2561 exercitus
547 2505 674 2562 Romani
707 2504 764 2563 iusi
797 2518 886 2580 atque
918 2502 960 2578 in⁴
980 2517 1076 2560 castra
1111 2504 1252 2579 compulsi
1285 2504 1360 2560 sunl.

293 2609 363 2668 Non
386 2611 516 2666 institere
537 2610 676 2685 perculsis
697 2611 805 2669 hostes.
846 2614 990 2669 Praetores
1019 2612 1161 2681 Romani,
1186 2629 1221 2666 ue
1244 2609 1393 2684 posterni

294 2713 342 2771 die
367 2726 464 2770 castra
486 2692 733 2790 oppugnarentur,
755 2716 868 2773 silentio
891 2717 1032 2790 proximae
1050 2716 1143 2772 noctis
1165 2716 1255 2773 tacito
1278 2716 1361 2790 signo

293 2820 454 2877 exercitam
478 2822 669 2878 abduxerunt.
712 2823 790 2880 Luce
814 2822 909 2897 prima
931 2822 1056 2897 Hispani
1079 2822 1139 2890 acic
1161 2823 1301 2878 instructa
1324 2821 1392 2877 adb

293 2925 405 2982 vallum
436 2909 634 2996 accesserunt,
668 2945 818 3002 vacuaque
850 2937 955 3001 praeter
987 2947 1067 3002 spem
1101 2939 1197 2984 castra
1229 2927 1361 3007 ingressi,

293 3048 361 3105 quae
384 3030 521 3090 derelicta
543 3034 617 3090 inter
637 3046 807 3090 nocturnam
824 3033 1044 3107 trepidationem
1058 3042 1149 3102 erant,
1172 3032 1361 3106 diripuerunt,

292 3137 478 3211 regressique
499 3138 528 3194 in
551 3151 647 3195 castra
669 3157 722 3195 sua
744 3155 854 3212 paucos
871 3137 932 3193 dies
957 3136 1044 3209 quieti
1060 3137 1094 3192 iis
1116 3137 1229 3193 stativis
1246 3156 1361 3194 manse·

291 3252 371 3299 runt.
416 3231 613 3300 Rornanorum
637 3247 841 3318 sociorumque
861 3244 890 3299 in
914 3241 1014 3316 proelio
1027 3239 1155 3314 fugaque
1174 3241 1212 3297 ad
1234 3241 1391 3315 quinqueb

292 3346 387 3404 millia
416 3347 529 3414 occisa,
562 3367 683 3421 quorum
717 3367 749 3406 se
780 3347 880 3423 spoliis
903 3348 1000 3403 hostes
1023 3357 1180 3403 armarunt.
1224 3346 1300 3401 lude
1322 3347 1360 3402 ad

291 3452 412 3525 Tagum
435 3452 541 3508 flumen
563 3452 684 3527 profecti
707 3465 780 3512 sunt.
824 3455 968 3510 Praetores
990 3450 1102 3507 interim
1126 3451 1253 3507 Romani
1275 3453 1389 3507 omne?

291 3558 323 3615 id
347 3569 461 3632 tempus
485 3559 688 3616 contrahendis
710 3578 746 3615 ex
770 3559 934 3615 civitatibus
956 3557 1042 3613 sociis
1066 3556 1264 3630 Hispanorum
1288 3574 1359 3612 aux·

291 3663 351 3721 iliis
374 3672 402 3719 et
423 3663 584 3720 reficiendis
616 3664 654 3720 ab
686 3675 796 3721 terrore
828 3665 959 3720 adversas
987 3679 1090 3737 pugnae
1114 3660 1233 3717 militum
1256 3661 1361 3717 animis

292 3778 545 3843 consumpserunt.
593 3769 652 3827 Ubi
674 3770 744 3826 satis
766 3771 901 3845 placuere
933 3769 1009 3847 vires
1044 3767 1157 3824 etaiam
1181 3767 1262 3823 miles
1288 3773 1390 3840 quo-8

292 3892 352 3949 que
374 3875 410 3930 ad
432 3873 582 3930 delendam
606 3873 730 3948 priorem
742 3875 930 3949 ignominiam
944 3875 1055 3931 hostem
1078 3872 1228 3949 poscebat,
1250 3871 1359 3927 duode-

291 3979 349 4035 cim
374 3979 463 4035 millia
485 3997 622 4054 passuum
650 3980 687 4035 ab
709 3981 794 4056 Tago
816 3981 933 4036 flumine
957 3992 1116 4054 posuerunt
1138 3988 1242 4036 castra.
1286 3976 1390 4037 ludes

291 4083 381 4140 tertia
404 4083 503 4158 vigilia
525 4083 646 4140 sublatis
668 4085 772 4158 signis,
806 4085 949 4159 quadrato
979 4083 1095 4158 agmine
1122 4083 1263 4159 principio
1287 4082 1359 4138 lucis

292 4188 331 4246 ad
347 4189 432 4262 ,Tagi
454 4189 546 4264 ripam
570 4201 771 4264 pervenerunt.
794 4253 796 4259 ,
818 4190 915 4246 Trans
946 4189 1065 4245 fluvium
1088 4190 1118 4246 in
1140 4189 1213 4246 colle
1234 4189 1412 4251 hostium'ld

291 4303 391 4350 eastra
424 4303 516 4354 erant.
574 4293 746 4371 Extemplo,
779 4311 838 4367 qua
869 4292 983 4350 duobus
1015 4293 1086 4351 locis
1119 4293 1197 4350 vada
1229 4268 1360 4351 nudabat
