3484 5025
600 542 841 593 urserxxxvm.
861 541 1064 607 (sonares.)
1233 517 1235 522 ’
1261 547 1312 603 121

393 726 554 803 Supererat
583 728 689 785 bellum
721 728 865 804 integrum
893 746 957 786 coru
991 728 1195 804 Tectosagis·
1226 697 1277 787 Ab
1309 749 1359 787 eoa
1421 734 1463 807 24
1502 782 1505 788 .

271 831 452 907 ‘profectus
475 809 577 892 consul
596 834 689 891 tertiis
711 835 814 892 castris
834 838 994 910 Ancyram,
1016 835 1141 892 nobilem
1164 836 1193 892 in
1215 835 1271 891 illis
1289 836 1360 893 locis

297 939 416 1009 urbem,
439 940 581 1016 pervenit,
605 940 681 998 unde
704 941 803 997 hostes
825 940 913 1015 paulo
928 939 993 1015 plus
1005 938 1102 996 decem
1125 940 1214 996 millia
1236 943 1365 999 aberant

295 1044 361 1103 Ubi
377 1064 467 1118 quum
490 1046 598 1104 stativa
619 1056 723 1115 esseut,
745 1045 859 1104 facinus
882 1046 1071 1102 memorabile
1087 1066 1105 1102 a
1119 1046 1236 1121 captiva
1256 1045 1396 1104 factum2

296 1159 352 1208 est.
417 1150 599 1227 Ortiagontis
634 1149 728 1227 reguli
765 1171 841 1208 uxor
878 1151 975 1208 forma
1006 1151 1114 1207 eximia
1151 1152 1367 1209 custodiebatur

297 1254 378 1312 inter
400 1256 498 1331 plures
520 1259 662 1333 captivos,
683 1258 730 1315 cui
751 1257 889 1315 custodiae
909 1256 1038 1313 centurio
1056 1268 1178 1331 praeerat
1194 1267 1223 1313 et
1241 1258 1366 1315 libidinis

298 1372 344 1418 et.
366 1363 499 1420 avaritiae
537 1364 679 1424 militaris.
735 1365 766 1421 Is
802 1364 897 1438 primo
935 1364 1061 1419 animum
1099 1364 1236 1431 tentavit,
1279 1368 1395 1439 qucm3
1446 1355 1449 1366 '

301 1485 394 1542 quum
419 1470 622 1527 abhorrentem
645 1489 665 1527 a
685 1468 850 1526 voluntario
870 1468 982 1526 videret
1002 1479 1118 1544 stupro,
1140 1472 1264 1545 corpori,
1287 1472 1366 1545 quod

301 1591 419 1631 servum
436 1574 555 1633 fortuna
576 1585 648 1645 erat,
669 1576 728 1632 vim
750 1575 826 1634 feeit.
879 1574 995 1633 Deinde
1023 1574 1060 1630 ad
1088 1575 1248 1633 leniendam
1272 1578 1396 1652 indig·4

302 1680 423 1737 uitatem
446 1682 558 1739 iniuriae
577 1667 659 1758 spem
682 1682 791 1739 reditus
813 1680 850 1737 ad
871 1699 941 1737 suos
962 1681 1073 1738 mulieri
1094 1680 1174 1753 facit,
1197 1693 1225 1739 et
1247 1703 1364 1740 nesam

304 1788 438 1861 quidem,
465 1799 498 1845 ut
526 1793 644 1859 emanat,
673 1787 839 1862 gratuitam.
894 1785 981 1844 Certo
1000 1788 1075 1858 ¹auri
1102 1789 1231 1864 pondere
1252 1802 1364 1864 paetus.

305 1911 342 1950 ue
372 1912 458 1967 quem
486 1913 603 1952 suorum
626 1894 774 1951 conscium
802 1893 938 1960 haberet,
961 1892 1015 1967 ipsi
1037 1895 1194 1968 permittit,
1216 1908 1256 1963 ut,
1279 1915 1363 1969 quem

275 2055 288 2068 ,
307 2000 408 2070 vellet,
437 2019 527 2056 unum
555 2020 592 2057 ex
614 1999 737 2075 captivis
758 1999 889 2055 nuntium
913 1998 950 2055 ad
980 2017 1048 2055 suos
1072 2000 1205 2058 mitteret.
1241 2003 1396 2059 .Lor.um5

308 2123 398 2182 prope
423 2108 531 2163 flumen
560 2105 722 2173 constituit,
751 2123 809 2178 quo
836 2103 894 2160 duo
923 2122 959 2160 ne
980 2104 1045 2179 plus
1066 2108 1220 2163 necessarii
1243 2108 1366 2181 captivae

310 2227 370 2267 curn
404 2230 477 2268 auro
510 2212 641 2269 venirent
672 2221 758 2267 nocte
794 2210 955 2285 insequenti
988 2209 1027 2266 ad
1059 2230 1122 2268 eam
1156 2212 1363 2286 accipiendam.

255 2339 285 2370 ,-·
309 2315 397 2374 Forte
416 2318 508 2394 ipsius
530 2317 658 2374 mulieris
684 2335 786 2373 servus
813 2316 888 2373 inter
909 2316 1041 2391 captivos
1069 2317 1197 2374 eiusdem
1227 2316 1395 2374 dustodiaeb

255 2413 384 2500 ,φοναῖς
413 2426 490 2481 hunc
516 2422 647 2478 nuntium
673 2421 774 2497 primis
801 2423 928 2479 tenebris
957 2434 1039 2479 extra
1068 2424 1206 2503 stationes
1235 2425 1364 2481 centurio

255 2505 299 2583 ’ἢ
313 2530 416 2596 educit,
456 2531 554 2588 Nocte
580 2529 744 2602 insequenti
773 2539 802 2584 et
828 2531 887 2585 duo
909 2531 1063 2587 necessarii
1086 2530 1213 2587 mulieris
1237 2531 1275 2586 ad
1295 2532 1394 2588 oon-7

255 2646 279 2689 u
312 2635 432 2693 titutum
461 2637 557 2695 locum
586 2648 615 2692 et
642 2634 771 2692 centurio
801 2653 866 2691 cum
898 2638 1016 2711 captiva
1043 2638 1131 2694 venit.
1185 2637 1244 2696 Ubi
1276 2635 1395 2711 quum8

255 2750 282 2779 '-
299 2754 406 2798 ¹turum
429 2742 630 2812 ostenderent,
659 2740 738 2814 quod
768 2759 910 2798 summam
942 2743 1041 2800 talenti
1069 2743 1160 2801 Attici
1183 2743 1266 2810 (tanti
1288 2743 1363 2799 enim

255 2850 294 2937 ’ᾖ
309 2848 466 2924 pepigerat)
488 2847 633 2922 expleret,
661 2847 764 2903 mulier
784 2847 884 2922 lingua
905 2866 973 2918 sua,
1002 2849 1177 2924 stringerent
1206 2849 1313 2906 ferrum
1337 2857 1366 2905 et

265 2972 267 2977 ·
305 2955 500 3011 teutnrionem
522 2962 691 3029 pensantem
708 2971 809 3009 aurum
832 2953 1004 3024 occiderent,
1025 2955 1188 3029 imperavit.
1238 2951 1395 3028 Iugulatill

255 3078 265 3093 ¹·
301 3061 454 3129 precisum
471 3068 561 3135 'caput
573 3060 639 3135 ipsa
660 3057 820 3115 involutum
837 3069 919 3115 veste
933 3058 1029 3116 ferens
1044 3061 1081 3116 ad
1096 3061 1191 3116 virum
1208 3058 1364 3134 Ortiagon·
1466 3035 1470 3040 Ι

255 3162 265 3195 ‘
298 3166 372 3234 tem,
395 3166 444 3240 qui
468 3166 506 3221 ab
528 3164 657 3241 Olympo
678 3165 797 3221 domum
820 3164 977 3240 refugerat,
999 3165 1144 3240 pervenit;
1167 3181 1251 3237 quem
1269 3165 1416 3239 prius-10

297 3282 393 3343 quarn
408 3271 657 3346 complecteretur,
679 3281 768 3345 caput
782 3263 957 3327 centurionis
977 3271 1147 3346 antepedes
1169 3269 1229 3325 eius
1252 3270 1365 3340 abiecit,

264 3377 495 3451 ssmirantique,
525 3376 676 3433 cuiusnam
705 3376 735 3432 id
764 3388 851 3450 caput
877 3377 1002 3433 hominis
1030 3388 1080 3433 aut
1102 3375 1179 3449 quod
1202 3375 1231 3430 id
1253 3374 1365 3432 facinus

289 3470 531 3556 'haudquaquam
554 3481 694 3538 muliebre
715 3491 799 3551 esset,
818 3491 847 3539 et
871 3483 1004 3540 iniuriam
1027 3460 1157 3556 corporis
1179 3492 1208 3538 et
1228 3482 1364 3538 ultionem

290 3588 421 3646 uiolare
441 3607 494 3664 per
514 3588 575 3644 vim
597 3587 742 3663 pudicitiae
770 3586 905 3644 confessa
926 3590 989 3647 viro
1012 3598 1072 3656 est;
1101 3587 1230 3660 aliaque,
1254 3598 1285 3644 ut
1306 3563 1366 3645 tra·
1382 3588 1414 3641 ll

255 3726 258 3731 ·
291 3688 391 3758 ditur,
412 3694 566 3751 sanctitate
593 3703 623 3750 et
648 3695 793 3769 gravitate
823 3694 890 3750 vitae
920 3694 1005 3750 huius
1033 3691 1201 3749 matronalis
1228 3692 1365 3750 facinoris

293 3794 393 3857 decus
414 3801 451 3857 ad
474 3800 605 3858 ultimum
628 3801 818 3858 conservavit.

401 3906 451 3963 Ad
469 3908 618 3982 Ancyram
634 3906 663 3963 in
684 3906 793 3962 stativa
808 3915 940 3962 oratores
957 3906 1152 3978 Tectosagum
1169 3905 1206 3961 ad
1218 3906 1365 3962 consulem
1419 3910 1460 3981 25

297 4020 454 4082 venerunt,
466 4021 606 4087 petentes,
618 4031 655 4069 ne
667 4022 736 4068 ante
748 4013 785 4068 ab
792 4014 913 4086 Ancyra
925 4020 1021 4066 castra
1029 4022 1168 4079 moveret,
1177 4030 1263 4086 quam
1276 4012 1366 4069 collo·

299 4126 389 4174 cutus
405 4136 470 4176 curn
481 4118 542 4174 suis
553 4119 670 4193 regibus
683 4129 772 4174 esset:
784 4116 878 4173 nullas
890 4115 1072 4173 condiciones
1083 4117 1164 4190 pacis
1174 4117 1209 4174 iis
1221 4137 1277 4174 non
1291 4119 1366 4175 bello

258 4226 263 4231 '
287 4214 373 4281 'fort
391 4225 531 4301 potiores.
553 4225 685 4299 Tempus
707 4223 737 4278 in
758 4231 906 4298 posterum
919 4221 993 4277 diem
1006 4222 1197 4293 constituitur,
1219 4225 1396 4299 locusque,2

304 4327 361 4398 qui
381 4330 493 4388 medius
515 4329 644 4386 maxime
673 4328 748 4384 inter
779 4338 877 4384 castra
903 4326 1058 4386 Gallorum
1086 4338 1115 4384 et
1144 4330 1293 4405 Ancyram
1324 4341 1368 4388 est
