3484 5025
522 509 763 559 LiberXXXVIII.
779 504 825 571 (A.
837 508 897 559 chr.
913 508 984 570 189.)
1021 562 1022 567 ,
1190 516 1245 569 105

274 717 301 752 re
323 696 456 769 marique
478 704 616 768 superato
639 704 667 749 et
689 712 780 767 prope
802 705 886 750 extra
902 697 1003 765 orbem¹
1019 706 1101 752 terrae
1123 696 1198 752 ultra
1219 698 1288 772 iuga

274 802 314 858 uri
336 813 459 869 exacto,
483 819 568 873 quam
593 817 673 872 spem
698 818 761 855 esse
783 801 941 857 sustinendi
963 800 1049 857 belli?
1095 802 1236 857 Phaeneas
1260 801 1318 858 et5

275 907 403 976 moteles,
427 906 504 979 quod
530 924 598 960 ere
620 905 799 973 AEtolorum‚
824 916 854 961 ut
875 906 904 961 iu
929 908 979 961 tali
998 925 1077 974 casu,
1098 907 1212 979 fideque
1234 925 1289 963 sua

274 1021 475 1079 ecenserent‚
503 1019 636 1084 agerent3
671 1011 749 1082 quod
772 1009 847 1067 enim
877 1010 931 1066 sibi
957 1011 1106 1086 considium
1134 1022 1184 1066 aut
1206 1012 1287 1068 cuius

286 1118 454 1173 electionem
478 1136 496 1171 a
518 1115 636 1171 fortuna
658 1114 809 1170 relictam?
858 1115 932 1173 Cum
960 1116 1004 1171 his
1033 1116 1176 1172 mandatis
1198 1115 1317 1191 legatib

274 1222 302 1277 :si
331 1242 417 1278 orare
445 1220 610 1289 consulem,
646 1232 678 1275 ut
707 1232 839 1294 parceret
860 1219 943 1289 urbi,
976 1220 1159 1277 misereretur
1192 1223 1285 1296 gentis

274 1326 368 1382 indam
399 1328 503 1394 sociae,
532 1325 610 1380 nolle
637 1325 733 1381 dicere
764 1326 891 1394 iniuriis,
916 1325 1042 1381 'miseriis
1072 1336 1148 1380 certe
1177 1337 1286 1382 coactae

274 1431 355 1489 anire.
403 1434 472 1489 Non
488 1432 553 1505 pius
569 1430 637 1487 mali
660 1431 777 1487 meritos
793 1432 912 1489 AEtolos
928 1431 1066 1487 Antiochi
1090 1431 1173 1500 bello,
1197 1451 1283 1505 quam
1299 1430 1314 1482 7

274 1536 292 1591 1i
318 1548 399 1605 ante,
431 1557 518 1611 quum
553 1537 693 1592 adversus
724 1537 892 1611 Philippum
923 1537 1060 1593 bellatum
1090 1536 1141 1606 sit,
1173 1528 1284 1594 fecisse.

275 1660 288 1695 c
317 1652 377 1697 tum
410 1642 492 1717 large
524 1642 648 1716 gratiam
682 1640 802 1696 relatam
834 1642 907 1710 sibi,
939 1661 992 1698 nec
1024 1661 1099 1697 nunc
1131 1642 1285 1720 immodice

276 1765 337 1802 uam
359 1748 470 1822 iniungi
494 1750 609 1807 debere.
663 1748 712 1801 Ad
736 1766 771 1801 ea
793 1748 893 1803 consul
914 1727 1071 1821 respondit,
1094 1748 1186 1822 magis
1208 1768 1284 1824 saepe

274 1870 311 1907 em
335 1872 402 1908 vere
424 1872 550 1926 unquam
573 1851 692 1909 AEtolos
714 1871 814 1925 pacem
838 1866 946 1925 petere.
1018 1852 1203 1910 Imitarentur
1222 1859 1284 1911 An-

274 1958 348 2013 chum
377 1959 406 2013 in
430 1958 554 2031 petenda
578 1975 665 2030 pace,
700 1976 784 2029 quem
812 1958 841 2012 in
874 1957 977 2012 beilum
1001 1958 1165 2015 traxissent.
1215 1952 1315 2016 Nouss

274 2063 322 2118 ucis
344 2064 462 2119 urbibus
492 2082 572 2131 eum,
601 2063 649 2134 de·
668 2080 790 2135 quarum
818 2062 950 2117 libertate
980 2074 1119 2119 certaturn
1148 2065 1202 2132 sit,
1233 2066 1285 2141 sed

274 2167 303 2221 mi
331 2167 406 2223 Asia
437 2141 478 2223 cis
507 2168 638 2223 Taurum
671 2177 812 2235 montem,
846 2168 944 2241 opimo
977 2186 1082 2242 regno,
1115 2169 1283 2230 excessisse.

275 2271 339 2327 tulos
371 2271 425 2327 nisi
461 2271 585 2327 inermes
618 2272 654 2328 de
686 2291 759 2345 pace
791 2285 910 2345 agentes
943 2291 1001 2327 non
1041 2273 1205 2329 auditurum
1225 2267 1314 2351 se.9

274 2394 318 2432 rna
337 2377 392 2432 illis
414 2378 494 2450 prius
516 2395 665 2451 equosque
687 2397 786 2433 omnes
809 2377 965 2433 tradendos
988 2395 1060 2447 esse,
1083 2377 1184 2434 deinde
1207 2380 1284 2435 mille

274 2494 358 2538 cutum
396 2483 508 2557 argent-i
545 2482 653 2558 populo
687 2485 820 2540 Romano
861 2483 1006 2552 dandum,
1046 2483 1126 2540 euius
1164 2480 1334 2540 summae10

274 2588 366 2644 oidium
388 2607 514 2663 praesens
536 2601 747 2654 numeraretur,
770 2588 794 2643 si
816 2606 917 2661 pacem
944 2589 1051 2644 habere
1069 2589 1183 2645 vellent.
1232 2591 1283 2646 Ad

284 2695 453 2750 adiecturum
478 2694 563 2749 etiam
587 2693 614 2749 iu
639 2693 733 2749 foedus
755 2712 835 2760 esse,
860 2705 890 2748 ut
914 2693 1040 2763 eosdem,
1063 2711 1136 2766 quos
1159 2672 1282 2768 populus

274 2815 378 2867 manua
404 2797 513 2854 amicos
536 2809 623 2872 atque
638 2799 736 2853 hostes
751 2799 887 2854 habeant.
935 2799 1087 2855 Adversus
1107 2817 1171 2872 quae
1186 2800 1282 2874 legati,

285 2906 344 2978 quia
372 2904 476 2979 gravia
505 2915 588 2959 erant
617 2915 645 2958 et
674 2903 742 2976 quia
770 2921 887 2958 suorum
921 2903 1033 2959 animos
1061 2905 1218 2960 indomitos
1248 2923 1283 2961 ac

274 3001 371 3065 stabiles
398 3021 556 3079 noverant,
585 3007 664 3063 nullo
691 3008 804 3064 reddito
829 3027 985 3082 responso,
1013 3008 1129 3065 domum
1159 3011 1282 3085 regressi

274 3123 352 3183 1t‚ut
373 3115 460 3171 etiam
484 3125 571 3187 atque
594 3113 698 3179 etiam,
729 3111 798 3184 quid
822 3112 965 3186 agendum
990 3124 1081 3182 esset,
1111 3134 1142 3170 re
1170 3116 1283 3189 integra

274 3231 369 3277 ctorem
393 3231 422 3276 et
444 3218 587 3292 principes
602 3217 792 3276 consulerent.
841 3215 978 3274 Clamore
1001 3227 1029 3274 et
1042 3219 1137 3293 iurgio
1159 3216 1312 3294 excepti‚2

274 3341 308 3381 tm
329 3328 378 3383 diu
401 3344 462 3380 rem
485 3325 648 3391 traherent,
679 3323 909 3395 qualemcunque
935 3341 1036 3397 pacem
1066 3324 1174 3381 referre
1203 3326 1281 3396 iussi,

274 3449 308 3489 im
335 3432 463 3489 redirent
493 3428 699 3495 Ambraciam,
727 3433 915 3484 Acarnanum
943 3429 1053 3484 insidiis
1084 3448 1175 3503 prope
1203 3430 1281 3487 viam

274 3537 329 3609 titis,
351 3557 416 3595 cum
440 3535 544 3609 quibus
568 3534 672 3590 bellum
697 3545 768 3601 erat,
791 3535 978 3591 circumventi
1000 3535 1162 3608 Thyrreum
1186 3545 1281 3592 custo·

274 3646 314 3701 ndi
339 3643 529 3700 deducuntur.
578 3641 650 3696 Haec
682 3659 765 3696 mora
792 3639 898 3696 iniecta
925 3654 968 3697 est
994 3641 1075 3715 paci,
1108 3657 1194 3712 quum
1223 3639 1312 3697 iam3

274 3751 440 3808 reuiensium
464 3748 703 3819 Rhodiorumque
725 3746 827 3819 legati,
862 3746 911 3818 qui
934 3746 1205 3821 ad'deprecandum
1229 3765 1282 3820 pro

286 3865 438 3922 venerant,
478 3843 555 3928 a'pud
588 3852 733 3908 consulem
774 3865 879 3907 essent.
946 3852 1135 3926 Amynander
1168 3852 1313 3925 quoqued
1379 3876 1381 3880 ·
1457 3860 1463 3869 “

274 3980 419 4017 rauranum
435 3979 487 4015 rex
509 3960 565 4015 fide
587 3968 707 4031 accepta
722 3967 842 4012 venerat
863 3955 893 4010 in
916 3967 1010 4012 castra
1027 3959 1168 4023 Romana,
1190 3956 1284 4030 magia

293 4065 457 4123 Ambracia
486 4067 571 4132 urbe,
603 4050 819 4118 ubi'maiorem
851 4073 962 4133 partem
1000 4063 1137 4135 temporis
1168 4062 1282 4117 exsula—
1340 4111 1341 4114 ,

274 4183 315 4239 at,
345 4190 434 4245 quam
466 4188 519 4244 pro
543 4169 653 4227 AEtolis
675 4167 824 4224 sollicitus.
893 4167 950 4220 Per
974 4166 1027 4221 hos
1056 4168 1160 4222 certior
1189 4166 1312 4223 factusb

274 4277 317 4333 sul
360 4277 396 4332 de
437 4293 506 4331 casu
545 4274 705 4347 legatorum
740 4271 845 4328 adduci
886 4289 936 4326 eos
970 4291 987 4325 a
1020 4271 1152 4345 Thyrreo
1186 4271 1283 4339 iussit3
