3484 5025
526 508 604 562 Liber
619 509 747 563 xxxvt.
783 508 889 574 (acu
910 510 980 577 ror.)
1204 513 1242 569 39

258 691 402 750 ramentis
411 692 580 750 tumultuari
591 693 850 770 primumcceptum
859 706 912 767 est,
924 696 1032 771 etipse,
1042 704 1152 769 quanta
1160 695 1287 752 maxime

258 796 361 854 oritate
372 807 479 872 potest,
491 798 617 856 eoncitat
631 817 731 860 naves.
758 801 823 857 Iam
837 802 970 858 omuibus
984 801 1013 857 iu
1025 810 1181 875 conspectu
1193 807 1285 858 erant.
1300 804 1316 856 5

258 920 288 958 aa
313 902 438 960 Punicae
464 921 555 961 naves
583 905 793 963 antecedebant
818 907 982 964 Romanam
1015 905 1151 974 classem,
1182 893 1287 978 quibus

258 1008 308 1066 rte
318 1018 379 1065 tres
389 1005 507 1065 fuerunt
516 1009 603 1084 regiae
613 1029 720 1080 naves,
737 1021 769 1090 et
776 1021 809 1068 ut
821 1012 851 1068 in
862 1030 982 1069 numero
994 1010 1107 1086 impari,
1122 1010 1187 1066 duae
1199 1008 1287 1083 regia
1299 1013 1316 1068 6

258 1130 300 1169 am
312 1112 540 1183 circumsistunt,
552 1126 580 1171 et
591 1116 715 1191 primum
727 1118 766 1175 ab
776 1127 901 1191 utroque
913 1117 1005 1173 latere
1014 1133 1111 1173 remos
1123 1116 1285 1189 detergunt,

258 1217 319 1275 iude
334 1220 543 1277 transcendunt
557 1221 672 1290 armati,
690 1232 720 1278 et
733 1222 852 1280 deiectis
867 1223 1007 1296 caesisque
1019 1220 1286 1296 propugnatoribus

258 1340 318 1381 rem
334 1324 468 1398 capiunt3
490 1344 557 1393 una,
579 1343 644 1400 quae
660 1326 790 1401 comp'eri
805 1328 903 1384 Marte
918 1338 1112 1397 concurrerat,
1129 1336 1285 1401 post-quam
1299 1336 1315 1389 7

258 1440 330 1486 rtam
349 1429 472 1487 alteram
489 1448 594 1487 navem
609 1430 690 1499 vidit,
712 1432 881 1508 priusquam
904 1432 942 1488 ab
958 1432 1050 1489 tribus
1065 1431 1151 1487 simul
1163 1430 1285 1488 nircum·

258 1534 372 1603 riretur,
385 1545 465 1592 retro
486 1534 525 1592 ad
539 1536 660 1593 classem
675 1536 791 1612 refugit.
818 1537 919 1594 Livius
934 1537 1132 1611 indignatione
1147 1552 1286 1593 accensus
1299 1545 1317 1600 8

258 1640 351 1697 storia
367 1659 443 1697 nave
460 1641 490 1698 in
505 1641 603 1698 hostes
623 1640 721 1701 tendit.
757 1641 910 1699 Adversus
926 1661 1013 1717 quem
1031 1643 1132 1715 eadem
1148 1659 1200 1715 spe
1213 1641 1286 1710 dua,

258 1760 279 1801 n
300 1746 446 1804 Punicam
470 1764 556 1803 unam
577 1764 682 1803 navem
705 1746 969 1819 circumvenerant,
993 1767 1081 1822 quum
1104 1746 1287 1815 inferrentur,

258 1851 368 1909 uittere
387 1868 484 1909 remos
503 1850 533 1907 in
549 1869 656 1925 aquam
672 1852 710 1909 ab
725 1861 849 1925 utroque
862 1852 954 1908 latere
969 1852 1093 1926 remiges
1108 1852 1287 1909 stabilienda

258 1957 298 2015 rie
312 1975 406 2015 causa
420 1956 512 2026 iussit,
532 1967 560 2013 et
573 1956 603 2012 iu
617 1956 803 2014 advenientes
818 1958 944 2016 bostium
958 1976 1048 2014 naves
1059 1957 1170 2015 ferrem
1184 1975 1287 2014 manus

258 2061 333 2121 icere
361 2072 405 2132 et,
427 2062 477 2119 ubi
499 2077 627 2137 pugnam
650 2062 777 2136 pedestri
798 2062 919 2119 similem
942 2062 1093 2133 fecissent,
1124 2062 1317 2120 meminisse9

260 2185 359 2225 urana
381 2167 495 2225 virtutis
517 2186 570 2224 uec
591 2185 645 2241 pro
667 2166 737 2224 viris
758 2168 865 2225 ducere
885 2169 966 2243 regia
989 2169 1142 2244 mancipia.
1197 2168 1288 2225 Haud

258 2274 304 2331 olo
334 2272 466 2342 facilius,
495 2270 595 2346 quam'
614 2282 682 2329 ante
707 2274 771 2329 duae
793 2292 897 2344 unam,
926 2285 994 2331 tuuc
1022 2291 1081 2331 uua
1102 2273 1175 2329 duas
1197 2253 1287 2329 naves

258 2380 399 2455 pugnavit
428 2378 571 2454 cepitque.
619 2377 660 2434 Et
688 2378 748 2435 iam
778 2379 885 2448 classes
920 2399 1036 2454 quoque
1063 2378 1190 2452 undique
1217 2387 1339 2440 con-10

258 2495 376 2555 rerant,
398 2494 428 2542 et
448 2483 556 2559 passim
579 2483 875 2559 permixtis'navibus
898 2486 1092 2561 pugnabatur.
1131 2485 1287 2554 Eumenes,
1303 2492 1335 2546 11

258 2591 437 2659 iextremus,
459 2589 614 2645 commisso
637 2591 802 2662 certamine,
825 2581 994 2662 advenerat,
1017 2600 1049 2649 ut
1072 2589 1286 2660 animadvertit,

258 2715 320 2755 rom
345 2715 437 2754 cornu
459 2695 585 2750 hostium
608 2694 646 2751 ab
668 2695 754 2752 Livio
776 2698 944 2768 turbatum,
966 2698 1101 2754 dextrum
1126 2697 1207 2771 ipse,
1237 2694 1287 2751 ubi

258 2820 300 2860 ua
321 2819 423 2876 pugna
445 2810 517 2872 erat,
538 2801 663 2879 invadit.
708 2801 814 2874 Neque
834 2803 877 2859 ita
900 2803 989 2859 multo
1012 2812 1079 2878 post
1101 2801 1226 2877 primum
1249 2801 1286 2857 ab

258 2925 288 2965 ro
310 2926 402 2965 cornu
424 2905 496 2981 fuga
517 2887 612 2981 coepit.
652 2906 850 2982 Polyxenidas
876 2909 961 2977 euim,
986 2919 1018 2965 ut
1038 2909 1144 2965 virtute
1166 2907 1287 2963 militum

258 3013 294 3070 nd
316 3013 405 3070 dubie
426 3030 459 3068 se
480 3011 611 3086 superari
633 3011 723 3082 vidit,
750 3013 873 3069 sublatis
896 3013 1051 3070 dolonibus
1074 3012 1165 3071 effuse
1187 3012 1288 3089 fugere

258 3119 353 3188 endit3
394 3137 466 3175 mox
501 3117 578 3174 idem
620 3126 664 3187 et,
700 3117 749 3191 qui
786 3137 878 3193 prope
911 3128 1015 3175 terram
1052 3137 1116 3174 cum
1157 3119 1288 3176 Eumene

258 3233 427 3281 rtraxerant
449 3233 606 3291 certamen,
627 3220 766 3281 fecerunt.
814 3223 941 3279 Romani
963 3232 991 3280 et
1012 3223 1167 3292 Eumenes,
1190 3225 1317 3298 quoed2

258 3327 350 3387 'ficere
372 3329 498 3402 remiges
520 3337 676 3402 potueruut
706 3338 735 3384 et
763 3327 794 3383 in
822 3345 874 3402 spe
905 3337 988 3385 eraut
1017 3329 1140 3384 extremi
1164 3329 1288 3403 agminis

258 3433 361 3504 randi,
393 3433 466 3490 satis
498 3432 684 3508 pertinaciter
715 3432 806 3489 secuti
836 3443 917 3501 sunt3
953 3443 1108 3508 postquam
1142 3434 1318 3492 celeritate3

258 3539 353 3609 vium,
383 3549 486 3613 utpote
511 3539 635 3607 levium,
666 3555 735 3594 suas
757 3549 920 3594 commeatu
943 3548 1062 3594 onustas
1084 3538 1160 3595 eludi
1181 3538 1289 3595 frustra

258 3643 368 3700 »dentes
380 3643 524 3713 viderunt,
550 3643 666 3700 tandem
689 3643 887 3714 substiterunt,
906 3643 1043 3700 tredecim
1056 3644 1149 3718 captis
1164 3645 1288 3702 navibus

258 3766 284 3805 ur
307 3748 397 3805 milite
419 3767 455 3805 ao
478 3748 597 3823 remige,
622 3749 721 3804 decem
747 3747 896 3806 demersis.
944 3750 1085 3805 Romanae
1108 3747 1208 3805 classis
1230 3751 1317 3804 unat

258 3853 333 3910 mica
348 3854 443 3925 navis,
465 3854 495 3910 in
508 3853 602 3929 primo
621 3851 778 3923 certamine
793 3855 830 3909 ab
846 3853 959 3910 duabus
975 3854 1179 3922 circumventa,
1195 3831 1288 3928 periit.

258 3958 419 4036 ›lyxenidas
440 3977 499 4016 non
521 3958 601 4033 prius
623 3977 710 4034 quam
731 3958 866 4034 inportu
886 3956 1088 4033 Ephesifugae
1109 3960 1194 4016 finem
1210 3958 1287 4016 fecit.

258 4065 347 4122 >mani
369 4084 405 4123 eo
427 4064 489 4133 die,
520 4064 597 4121 uude
627 4081 745 4139 egressa
774 4063 856 4138 regia
878 4063 977 4121 elassis
1001 4072 1080 4133 eret,
1108 4067 1318 4134 manseruut35

258 4178 337 4227 utero
358 4171 407 4227 die
427 4171 540 4227 hostem
563 4169 698 4245 persequi
719 4169 910 4226 intenderunt.
959 4169 1059 4226 Medio
1076 4167 1138 4225 fera
1159 4169 1188 4225 in
1203 4187 1288 4226 eursu

258 4272 317 4332 uia
338 4273 420 4332 fuere
447 4274 483 4332 iis
513 4273 640 4349 quinque
667 4284 696 4332 et
722 4273 825 4349 viginti
853 4285 936 4332 teotae
955 4275 1078 4332 Rhodiae
1105 4291 1196 4331 neves
1216 4292 1288 4331 ,cum
