3484 5025
569 513 647 564 Liber
660 514 790 570 ¹XXXIIL
826 514 876 577 (Δ.
889 511 937 564 cu
954 515 1023 579 tau.)
1225 522 1278 575 107

266 697 477 758 circumventus
490 697 636 756 occiditur.
655 699 742 774 'Fuga
753 699 889 757 comitum
905 709 933 757 et
941 700 1087 775 quiritatio
1097 700 1175 759 facta
1184 703 1323 759 attumul-

265 813 314 861 tus
329 823 382 878 per
397 812 488 862 totam
505 806 604 862 urbem
626 805 841 862 discurrentium
867 823 930 863 cum
952 806 1119 876 luminibus;
1141 826 1323 882 percussores

264 911 403 985 proxima
415 921 501 985 porta
515 920 675 969 evasemnt.
718 911 797 968 Luce
816 910 910 986 prima
927 912 1022 969 contio
1040 911 1175 986 frequens
1191 912 1270 969 velut
1286 921 1352 973 exi

264 1024 336 1074 ante
346 1015 517 1073 indictoaut
530 1034 602 1074 voce
615 1016 754 1092 preconis
765 1026 925 1074 convocata
938 1017 968 1073 iu
979 1018 1092 1075 theatro
1106 1029 1176 1078 erat.
1218 1019 1322 1076 Palam
1337 1025 1353 1077 5

264 1124 305 1180 ab
327 1140 380 1179 suo
403 1121 540 1179 comitatu
568 1132 597 1178 et
624 1122 755 1180 obscenis
777 1120 834 1179 illis
858 1122 928 1180 viris
948 1122 1111 1181 fremebant
1129 1123 1323 1194 interfectum3

268 1227 371 1284 animis
404 1238 499 1285 autem
528 1228 720 1303 Zeuxippum¹
745 1238 892 1285 auctorem
922 1228 1104 1287 destinabant
1138 1230 1232 1289 caedis.
1287 1227 1353 1287 lnti

266 1332 419 1409 presentia
440 1332 771 1407 placuit'comprehendi
792 1352 858 1403 eos,
890 1334 940 1409 qui
965 1334 1051 1392 simul
1077 1334 1214 1406 fuissent,
1245 1354 1322 1409 quse·

265 1438 447 1513 stionemque
475 1457 512 1495 ex
538 1438 573 1496 iis
598 1440 708 1499 haberi.
769 1440 827 1513 Qui
853 1441 922 1500 dum
949 1450 1128 1516 queruntur,
1158 1440 1352 1517 Zeuxippus7

264 1544 411 1602 constanti
431 1543 528 1601 animo
551 1545 699 1604 avertendi
726 1547 764 1604 ab
792 1564 824 1603 sc
852 1546 977 1605 criminis
999 1565 1087 1604 causa
1108 1548 1137 1603 in
1161 1548 1322 1605 contionem

222 1707 226 1714 ,
264 1666 446 1724 progressus,
461 1669 558 1710 errare
573 1651 615 1709 ait
629 1651 768 1722 homines,
784 1652 833 1726 qui
848 1660 907 1709 tam
925 1661 1051 1710 atrocem
1064 1654 1167 1713 caedem
1181 1654 1323 1729 pertinere

223 1792 245 1822 ,-
265 1756 304 1812 ad
325 1754 392 1811 illos
414 1756 564 1818 semiviros
586 1758 748 1828 crederent,
776 1757 925 1832 multaque
946 1758 976 1816 in
997 1778 1061 1816 eam
1083 1768 1193 1835 partem
1215 1756 1354 1835 proba-8

222 1859 226 1898 ἶ
266 1861 362 1919 biliter
380 1867 611 1936 argumentatur,
641 1864 744 1939 quibus
767 1864 853 1922 fidem
875 1865 953 1940 apud
975 1864 1115 1939 quosdam
1137 1864 1218 1936 fecit,
1249 1884 1322 1924 uun·

222 1951 373 2052 squam,
394 1967 419 2024 si
437 1967 492 2025 sibi
509 1968 640 2026 conscius
658 1980 748 2039 esset,
770 1970 932 2028 oblaturum
955 1989 986 2027 se
1008 1971 1181 2029 multitudini
1202 1973 1323 2029 mentio·

265 2092 369 2131 nemve
398 2074 458 2132 eius
485 2073 569 2131 cendia
598 2073 676 2131 nullo
704 2073 862 2132 lacessente
888 2075 1030 2134 facturum
1054 2074 1158 2147 fuisse3
1190 2077 1239 2133 alii
1265 2075 1353 2133 non9

222 2199 227 2230 τ
267 2179 408 2249 dubitare,
428 2180 610 2256 impudenter
630 2180 746 2237 obviam
768 2181 879 2238 crimini
900 2182 994 2238 eundo
1011 2182 1201 2258 suspicionem
1220 2184 1321 2240 averti.

222 2329 223 2334 κ
267 2286 351 2343 Torti
378 2297 445 2362 post
470 2286 558 2362 paulo
579 2287 719 2358 insontes,
748 2305 835 2361 quum
861 2287 967 2344 scireut
992 2286 1048 2361 ipsi
1074 2287 1159 2356 nihil,
1188 2288 1323 2364 opinione

268 2392 394 2450 omnium
424 2411 477 2467 pro
502 2392 607 2450 indicio
628 2393 809 2469 Zeuxippum
837 2401 866 2449 at
887 2391 1071 2451 Pisistratum
1093 2393 1322 2463 nominaverunt,
1396 2453 1399 2458 ,

268 2498 347 2562 nullo
384 2498 512 2570 adiecto,
546 2517 597 2556 cur
631 2498 705 2557 scire
738 2499 892 2573 quicquam
926 2498 1104 2570 viderentur,
1142 2508 1321 2575 argumento.

222 2641 229 2677 κ,
265 2606 434 2681 Zeuxippus
470 2615 566 2663 tamen
605 2624 668 2664 cnm
704 2605 871 2665 Stratonida
912 2606 1036 2682 quodam
1077 2615 1161 2662 nocte
1198 2604 1324 2681 perfugit
1338 2607 1374 2662 tu

222 2690 228 2780 f,
265 2713 446 2788 Tanagram,
470 2730 552 2770 suam
575 2712 667 2786 magis
688 2713 889 2771 conscientium
913 2729 1000 2786 quam
1021 2711 1155 2769 indicium
1175 2712 1321 2769 hominum

222 2864 224 2887 :
265 2817 373 2875 nullius
403 2817 445 2874 rei
473 2817 651 2875 consciorum
681 2828 822 2888 metuens3
853 2818 1022 2877 Pisistratus
1051 2819 1154 2893 spretis
1182 2818 1323 2876 indicibus
1339 2820 1370 2874 ll

222 2956 228 3007 3„
265 2923 379 2982 Thebis
399 2923 512 2982 mansit.
561 2923 669 2982 Servus
692 2933 755 2980 erat
777 2924 936 3000 Zeuxippi,
964 2925 1052 2982 totius
1082 2925 1270 2982 internuntius
1294 2935 1323 2982 ct

222 3023 225 3109 ζ
265 3031 397 3093 minister
416 3030 474 3100 rei,
504 3048 588 3104 quom
616 3029 738 3087 indicem
759 3029 927 3087 Pisistratus
956 3029 1058 3086 timens
1080 3049 1114 3087 eo
1135 3030 1199 3105 ipso
1220 3032 1322 3089 timore

222 3114 228 3161 l·
265 3137 305 3195 ad
339 3135 473 3193 indicium
509 3135 662 3211 protraxit.
716 3135 841 3193 Litteras
873 3135 909 3192 ad
938 3135 1117 3210 Zeuxippum
1149 3137 1250 3207 mittit,
1292 3148 1322 3194 ut

222 3254 224 3263 ’
265 3259 382 3299 servum
404 3241 549 3300 conscium
571 3241 697 3309 tollerem
717 3259 776 3297 non
797 3250 856 3297 tam
878 3241 1012 3299 idoneum
1034 3241 1071 3297 ad
1090 3242 1238 3300 celandam
1260 3262 1321 3300 rem
1339 3244 1372 3299 12

266 3366 332 3404 eum
354 3347 445 3405 videri
466 3346 535 3418 sibi,
565 3366 652 3421 quam
682 3346 720 3403 ad
748 3346 889 3422 agendam
916 3345 1010 3405 fuerit.
1062 3347 1126 3404 Has
1149 3347 1197 3421 qui
1219 3347 1323 3406 tulerat
1339 3351 1373 3407 13

222 3428 224 3437 Ι
265 3452 392 3522 litteras,
414 3453 508 3510 iussus
530 3453 679 3529 Zeuxippo
702 3453 771 3509 dare
793 3471 880 3526 quam
902 3451 1035 3527 primum,
1057 3453 1125 3526 quia
1146 3472 1203 3509 non
1225 3455 1321 3513 statim

266 3557 454 3614 conveniendi
476 3558 537 3624 eius
560 3559 644 3635 copia
664 3559 732 3630 fnit,
759 3558 801 3615 illi
821 3557 877 3634 ipsi
898 3574 997 3624 servo,
1027 3574 1111 3630 quam
1134 3577 1170 3615 ex
1191 3559 1322 3617 omnibus

266 3664 384 3722 dominc
405 3663 575 3723 fidissimum
596 3666 740 3733 credebat,
761 3663 864 3732 tradit,
887 3671 915 3720 et
937 3662 1049 3733 adiicit,
1072 3681 1090 3719 a
1111 3663 1265 3722 Pisistrato
1287 3666 1323 3723 dc

265 3789 298 3829 re
327 3789 434 3846 magno
460 3789 546 3845 opere
575 3771 734 3847 pertinente
762 3770 800 3827 ad
820 3769 1001 3845 Zeuxippum
1024 3787 1095 3831 esso.
1141 3767 1323 3829 Conscientia
1339 3781 1374 3834 14

264 3875 356 3946 ictus,
397 3894 485 3950 quum
518 3878 662 3952 extemplo
693 3876 864 3933 traditurum
906 3893 956 3932 eas
994 3873 1182 3947 affirmasset,
1221 3879 1322 3954 aperit,

264 3982 455 4059 perlectisque
476 3982 577 4040 litteris
597 3983 720 4057 pavidus
742 3981 859 4039 Thebas
888 3980 995 4055 refugit
1023 3991 1051 4038 et
1080 3981 1116 4039 ad
1138 3984 1322 4058 magistratus

264 4088 400 4147 indicium
431 4087 532 4147 defert.
584 4088 624 4146 Et
654 4089 821 4163 Zeuxippus
857 4089 971 4162 quidem
1006 4086 1077 4164 fuga
1112 4088 1189 4146 servi
1225 4098 1320 4146 motus

264 4193 486 4264 Anthedonem,
520 4193 654 4251 tutiorem
695 4194 796 4252 exsilio
835 4194 929 4251 locum
961 4202 1059 4265 ratus,
1095 4195 1248 4264 concessit3
1284 4197 1320 4253 dc
1335 4192 1371 4246 15
