3484 5025
498 524 578 575 mter
594 525 724 577 xxxm.
759 527 806 594 (a.
821 526 867 580 cu
883 525 952 589 rot.)
1172 530 1212 590 85
1299 491 1308 498 “

271 707 379 779 ncidit3
401 716 430 765 et
448 708 516 767 dum
533 728 631 786 regem
648 711 782 770 auferunt
799 710 1003 787 perferuntque
1017 720 1101 787 parte
1111 714 1283 773 membro-b

279 824 414 890 captum,
433 816 581 892 paulisper
600 818 695 875 contio
716 818 880 876 intermissa
901 826 951 878 est
995 815 1157 877 Aristanus
1177 819 1282 890 iudai

272 940 372 978 curum
399 931 521 997 praetor,
549 940 585 980 eo
606 942 669 982 cum
692 924 803 981 maiore
823 924 995 982 auctoritate
1017 923 1144 995 auditus,
1174 926 1252 1000 quod
1341 938 1344 942 ’

284 1026 359 1096 alia,
403 1045 490 1101 quam
525 1046 589 1102 quse
617 1030 733 1088 Achaeis
766 1038 915 1102 suaserat,
955 1030 1065 1088 Boeotis
1102 1030 1252 1089 suadebat.

272 1150 296 1188 ta
317 1134 356 1189 ab
378 1133 443 1208 ipso
462 1133 596 1207 Quinctio
617 1135 740 1206 adiecta,
760 1137 846 1193 fidem
868 1135 961 1212 magis
979 1137 1141 1194 Romanam
1164 1140 1282 1211 quam5

272 1248 356 1297 taut
385 1258 457 1315 opes
483 1240 637 1298 extollente
666 1242 770 1300 vorbis.
824 1242 951 1317 Rogatio
972 1241 1039 1300 iude
1060 1260 1078 1299 a
1098 1240 1282 1304 Plataeensib
1374 1227 1377 1235 ¹

272 1348 366 1404 sancho
387 1346 449 1402 lata
469 1346 647 1421 recitataque
669 1347 703 1403 de
716 1349 841 1404 redemta
861 1365 926 1404 cum
941 1347 1081 1406 Romanis
1096 1346 1250 1422 iungenda,

273 1476 276 1501 ι
289 1461 389 1507 contra
404 1452 498 1509 dicare
513 1454 644 1523 audente,
666 1454 793 1511 omnium
807 1453 927 1511 Boeotia
945 1453 1091 1511 civitatum
1106 1450 1251 1527 suffragiis

273 1556 334 1613 titur
347 1557 526 1633 iubeturque.
563 1557 691 1617 Concilio
703 1559 831 1628 dimisso,
846 1560 1005 1634 Quinctius,
1019 1568 1130 1616 tantum
1142 1556 1251 1616 Thebis
1264 1572 1280 1626 7

273 1672 340 1732 itus,
374 1674 512 1738 quantum
534 1665 628 1723 Attali
648 1682 751 1740 repens
772 1683 856 1722 casus
878 1639 987 1741 coegit,
1020 1673 1173 1740 postquam
1193 1675 1281 1732 non8

287 1786 411 1842 praesens
436 1770 593 1845 periculum
622 1771 666 1827 vis
687 1771 782 1828 morbi
803 1772 948 1843 attulisse,
977 1772 1029 1829 sed
1056 1771 1249 1828 membrorum

273 1874 370 1931 litatem
402 1875 466 1932 visa
494 1885 552 1946 est,
583 1876 684 1934 relicto
716 1897 751 1935 au
783 1879 821 1935 ad
852 1878 1028 1936 curationem
1058 1878 1250 1936 necessariam

273 1980 334 2050 oris,
353 1980 499 2051 Elateam,
519 1982 597 2039 uude
616 1982 762 2058 profectus
783 1992 861 2054 arat,
882 1984 972 2054 redit,
994 1983 1104 2042 Boeotis
1126 1995 1279 2059 quoque,9

290 2088 367 2162 prius
389 2087 522 2158 Achaeis,
552 2089 590 2145 ad
616 2090 782 2147 societatem
803 2090 921 2147 adscitis
950 2099 992 2160 et,
1022 2089 1158 2165 quoniam
1186 2097 1250 2148 tuta

274 2202 402 2268 mutaque
414 2196 451 2251 ab
463 2204 544 2270 tergo
556 2195 798 2269 relinquebantur,
813 2196 946 2254 omnibus
958 2196 1016 2253 iam
1028 2195 1249 2271 cogitationibus

274 2297 404 2374 hilippum
426 2308 454 2357 et
473 2301 550 2375 quod
570 2301 712 2375 reliquum
733 2302 800 2359 belli
821 2312 893 2372 erat,
914 2302 1070 2362 conversis.

282 2404 429 2480 Philippus
452 2425 566 2481 quoque
586 2408 680 2483 primo
701 2427 784 2479 vere,
810 2418 965 2485 postquam
986 2407 1074 2483 legati
1095 2407 1132 2464 ab
1153 2409 1250 2466 mnia
1321 2402 1343 2472 3

299 2512 396 2587 pacati
432 2514 603 2584 retulerant,
645 2515 777 2572 dilectum
813 2535 866 2592 per
900 2514 997 2572 omnia
1030 2514 1138 2590 oppida
1168 2514 1250 2590 regni

275 2619 443 2676 re‘instituit
463 2619 492 2675 in
514 2639 619 2695 magna
640 2621 739 2697 inopia
758 2622 917 2690 iuniorum3
939 2621 1159 2697 absumpserant
1173 2622 1278 2679 eniml

274 2723 370 2780 nultus
391 2725 449 2781 iam
471 2734 570 2782 aetates
591 2727 727 2785 continua
744 2727 819 2785 bella
834 2728 1026 2796 Macedonas;
1048 2727 1111 2803 ipso
1133 2729 1278 2803 quoqnad

275 2839 331 2886 tnta
360 2839 390 2888 et
415 2832 567 2889 navalibus
595 2833 678 2890 bellis
699 2834 837 2890 adversus
857 2833 987 2891 Rhodios
1008 2833 1199 2908 Attalumque
1220 2841 1249 2890 et

275 2935 374 2992 antus
407 2937 546 2994 adversus
578 2940 727 2996 Romanos
766 2939 909 2996 ceciderat
946 2957 1068 3015 magnus
1103 2957 1248 2996 numerus.

275 3042 420 3099 seirenes
442 3045 479 3100 ab
500 3045 624 3102 sedecim
646 3045 728 3102 annis
749 3046 852 3102 milites
874 3046 1033 3113 scribebat,
1064 3055 1093 3102 et
1122 3045 1278 3110 emeritis4

275 3167 308 3204 tm
341 3148 506 3224 stipendiis,
542 3151 645 3224 quibus
680 3152 767 3209 modo
803 3151 955 3226 quicquam
994 3150 1097 3224 reliqui
1133 3150 1247 3208 roboris

284 3255 320 3311 ad
342 3255 427 3330 signa
448 3258 667 3314 revocabantur.
711 3259 759 3316 Ita
779 3257 911 3332 suppleto
933 3257 1069 3325 exercitu,
1091 3255 1277 3322 secundum5

275 3379 308 3418 tur
320 3361 523 3437 aequinoctium
535 3383 633 3420 omnes
645 3363 744 3439 cupias
754 3364 842 3421 Dium
853 3362 1006 3431 contraxit,
1025 3362 1122 3436 ibique
1134 3361 1247 3419 stativis

276 3471 302 3536 s,
312 3468 473 3525 exercendo
485 3469 612 3542 quotidie
622 3470 711 3526 milite
720 3471 833 3526 hostem
843 3467 1055 3544 opperiebatur.
1089 3467 1129 3524 Et
1139 3466 1246 3540 Quino-
1258 3477 1277 3534 6

276 3590 315 3628 tar
332 3573 449 3629 eosdem
464 3573 554 3630 ferme
566 3575 627 3631 dies
644 3577 681 3633 ab
697 3576 800 3633 Elatea
813 3573 961 3650 profectus
972 3581 1076 3649 praetor
1086 3572 1245 3630 Thronium

276 3679 408 3754 trpheam
421 3679 458 3735 ad
469 3680 681 3756 Thermopylas
693 3681 830 3757 pervenit.
861 3680 908 3737 Ibi
921 3679 1070 3737 concilium
1078 3678 1245 3737 AEtolorum
1259 3690 1280 3744 7.

276 3783 362 3840 oleam
384 3784 520 3842 indictum
543 3805 601 3843 eum
620 3787 719 3857 tenuit,
741 3786 972 3858 consultantium,
996 3785 1110 3862 quantis
1132 3784 1246 3842 auxiliis

276 3909 353 3947 inum
375 3891 413 3947 ad
433 3891 538 3948 bellum
560 3900 755 3967 sequerentur.
801 3890 932 3967 Cognitis
953 3891 1096 3950 sociorum
1115 3889 1276 3962 decretis,8

277 3995 341 4052 =die
355 3997 393 4053 ab
405 3996 549 4054 Heraclea
560 3997 675 4073 Xynias
692 4016 875 4074 praegressus,
895 3999 925 4055 in
946 3997 1069 4056 confinio
1085 3996 1246 4054 AEnianum

276 4101 454 4176 telorumque
475 4102 576 4177 positis
605 4105 723 4174 castris,
752 4105 883 4162 AEtolica
903 4104 1013 4162 auxilia
1032 4101 1244 4178 opperiebatur.

293 4207 401 4265 morati
420 4209 516 4265 AEtoli
543 4218 625 4279 sunt3
654 4211 781 4267 Phaenea
801 4211 874 4269 duce
896 4209 1025 4268 sexcenti
1046 4208 1157 4284 pedites
1178 4218 1275 4274 cuma

277 4313 331 4371 bus
367 4314 582 4390 quadringentis
616 4325 763 4375 venerunt
824 4319 873 4378 Ne
902 4318 1020 4376 dubium
1048 4323 1139 4387 assat,
1176 4313 1246 4390 quid
