3484 5025
839 523 932 569 xviri

237 717 248 731 '
355 726 425 764 sone
461 709 543 765 dicte
576 726 632 763 non
667 718 757 763 erunt.
816 709 849 763 ln
886 709 1045 779 uulpurium
1082 707 1235 761 editionum
1281 736 1321 747 -
1357 721 1422 760 num

357 792 392 846 de
419 790 562 847 codicibus
589 800 694 862 preter
725 793 746 845 B
776 808 833 845 non
861 799 973 846 constat
1012 821 1048 832 —
1091 791 1204 844 ordine:
1232 788 1340 856 dietas,
1368 805 1421 861 pro

356 872 513 942 sententiis,
535 890 616 945 quem
637 876 694 928 Em.
714 872 774 927 382
795 874 997 942 commendari,
1022 890 1078 927 non
1101 881 1177 927 reete
1197 889 1251 945 pro
1274 869 1421 925 sententiis

357 957 442 1011 uliter
457 956 561 1012 dicitur
580 965 665 1027 utque
681 964 746 1011 onte
764 973 817 1028 pro
835 955 985 1024 sententia,
1009 972 1061 1010 nec
1083 964 1140 1010 tum
1160 956 1304 1009 orationes
1321 952 1423 1019 dietas,

356 1039 406 1093 sed
420 1037 536 1094 habitas
548 1041 640 1095 liuius
654 1041 820 1109 scripsisset.
854 1039 898 1093 De
913 1038 1039 1093 ubloiino
1056 1041 1188 1108 temporis
1200 1039 1259 1092 sine
1270 1037 1422 1107 participio

357 1121 395 1176 od
422 1120 510 1176 uerbo
539 1120 685 1177 orationes
713 1119 769 1194 leg.
799 1121 934 1177 adiuncto
962 1122 1018 1176 oid.
1048 1138 1089 1191 pr.
1110 1128 1184 1178 nost.
1207 1122 1266 1175 Lot.
1289 1122 1303 1186 ξ
1325 1117 1385 1172 278
1408 1118 1422 1171 b

357 1204 400 1258 ed.
427 1202 529 1274 Germ.)
553 1205 570 1260 6
594 1201 713 1277 [Aehaei]
736 1202 829 1274 (codd.
848 1212 956 1274 preter
978 1206 1014 1272 B,
1047 1206 1077 1257 iu
1107 1219 1162 1274 quo
1184 1211 1257 1272 spot.
1280 1200 1353 1271 unc.)
1389 1204 1416 1256 ll

356 1284 634 1360 depopulandosque
652 1286 697 1358 (B)
722 1289 756 1341 14
777 1304 889 1342 amnem
907 1284 967 1359 [aut
983 1286 1012 1341 vi
1032 1293 1083 1341 aut
1097 1293 1174 1340 metu
1189 1293 1238 1339 aut
1255 1281 1424 1356 voluntate),

357 1367 692 1442 relictoque....abiit?
727 1367 751 1423 si
787 1386 840 1424 sua
880 1368 1029 1424 voluntate
1067 1368 1129 1440 (Mp.
1158 1369 1213 1423 Ser
1243 1366 1330 1422 uerbo
1361 1367 1423 1434 illo,

358 1468 415 1524 quo
455 1455 485 1506 in
522 1452 665 1507 codicibus
704 1452 850 1522 lemnius,
895 1453 958 1506 loco
996 1451 1247 1507 incommodissime
1283 1452 1426 1520 interponi

359 1532 501 1590 lieltherus
530 1538 627 1590 sensit.
683 1536 764 1590 Nunc
794 1537 947 1589 rectissime
976 1550 1111 1605 responso
1140 1535 1248 1600 omniu,
1277 1551 1339 1604 que
1371 1532 1426 1586 dici

356 1626 491 1688 possunt,
523 1618 720 1688 complectenti
746 1617 912 1687 odiunpitur
943 1618 1028 1673 ductu
1058 1634 1095 1672 en
1121 1616 1239 1686 sinpulis
1268 1616 1426 1686 depromenti

358 1699 525 1771 conclusio.)
551 1703 585 1756 16
608 1698 704 1773 potius
726 1702 787 1755 sine
808 1702 889 1755 uncis
911 1699 1026 1771 (Perii.)
1056 1700 1093 1754 20
1117 1698 1178 1753 eius
1199 1698 1284 1753 urbes
1307 1697 1353 1769 (li)
1386 1698 1423 1752 23

358 1778 535 1854 (Charitelen
566 1782 692 1851 Better‚·
729 1783 810 1838 codd.
840 1781 1002 1854 Garitelen)
1039 1784 1076 1837 24
1106 1780 1155 1837 filii
1186 1780 1271 1836 etiam
1304 1798 1424 1836 uxorem

358 1864 423 1936 (pr
454 1866 476 1919 B
503 1863 669 1921 interiectos
698 1864 758 1920 eius
786 1883 908 1921 uxorem
939 1882 999 1921 eum
1021 1866 1113 1935 spatio
1137 1881 1227 1920 necue
1252 1872 1317 1918 cute
1348 1862 1425 1928 eius;

360 1947 428 2006 dett.
445 1945 495 2021 pili
510 1946 570 2003 eius
586 1965 713 2003 uxorem.
758 1949 814 2005 Sed
837 1951 928 2003 teneri
949 1947 1045 2003 debuit
1066 1947 1162 2014 etiarn,
1185 1950 1213 2001 in
1226 1946 1308 2002 Frob.
1324 1948 1354 2003 ll
1366 1949 1426 2001 sine

360 2029 445 2085 dubio
476 2048 512 2085 en
541 2032 570 2083 M
592 2032 740 2104 positum.)
799 2032 837 2086 25
868 2030 915 2102 (ne
942 2030 980 2086 sit
1006 2030 1079 2086 uun.
1107 2030 1192 2085 Codd.
1223 2047 1259 2084 ne
1285 2028 1352 2101 sint)
1387 2030 1423 2083 27

359 2110 461 2168 Issaici
482 2112 547 2184 (Mp.
571 2115 627 2168 Em.
651 2113 721 2169 521.
770 2114 856 2172 codd.
880 2130 951 2168 rece.
973 2113 1067 2181 Isaei,
1090 2111 1215 2181 Hissaci‚
1238 2112 1355 2183 simitio)
1387 2112 1424 2166 28

359 2194 448 2254 unde.
463 2194 648 2268 ..implorem
669 2198 729 2251 sine
750 2205 821 2251 noto
842 2196 912 2268 (Em.
924 2194 994 2268 382)
1018 2197 1055 2252 29
1079 2193 1179 2251 alienae
1200 2193 1297 2251 clades
1319 2194 1364 2267 (8)
1387 2195 1424 2249 30

360 2278 554 2351 (summopere
569 2279 649 2334 unit.
662 2293 678 2334 e
692 2280 727 2333 B:
749 2295 903 2334 summare.
948 2280 1040 2334 Ceteri
1061 2287 1089 2334 et
1111 2278 1199 2337 Drols.
1223 2294 1337 2333 summa
1361 2276 1426 2350 ope)

361 2362 399 2417 32
423 2361 499 2432 (Non
513 2370 589 2416 recte
602 2362 704 2431 Opusc.
717 2363 755 2428 ΙΙ,
771 2362 841 2430 125,
859 2364 915 2419 lim.
928 2361 989 2416 382
1004 2360 1104 2417 nolunt
1120 2361 1206 2416 scribi
1223 2363 1293 2415 iussi
1302 2383 1312 2430 ,-
1336 2376 1426 2431 neque

360 2447 433 2499 enim
453 2443 555 2501 nolunt
576 2444 739 2519 pepercisse
760 2454 836 2500 recte
859 2445 963 2500 dicitur
981 2445 1015 2499 de
1031 2445 1148 2499 consitio
1165 2444 1307 2499 destinato
1316 2452 1425 2516 posteo,

359 2531 385 2582 si
422 2527 490 2599 quid
526 2528 658 2584 delictum
694 2529 799 2596 fuerit,
841 2545 899 2582 non
934 2529 1073 2598 parcendi
1080 2549 1090 2596 ,·
1128 2527 1267 2598 porcendi
1294 2528 1427 2583 uoluntas

361 2612 508 2664 contrariu
525 2618 568 2666 est
586 2610 713 2680 rependi,
732 2611 809 2682 quod
820 2610 918 2677 fucere
937 2612 1053 2665 lioninni
1066 2619 1209 2681 poterunt,
1229 2626 1289 2665 cum
1303 2613 1428 2681 pernicie

360 2693 489 2749 consilio.
534 2694 625 2747 litium
647 2694 761 2761 XXIII,
787 2695 839 2762 15,
863 2694 900 2747 10
922 2695 1014 2749 Liuius
1036 2692 1089 2750 sibi
1115 2691 1306 2766 assumpsisse
1328 2690 1428 2748 maluit

360 2779 401 2830 sic
425 2775 519 2843 dicit,
540 2783 572 2830 ut
592 2775 665 2831 nibil
685 2777 861 2846 sipuitlcetur
882 2779 938 2831 nisi
958 2779 1078 2831 actionis
1097 2774 1256 2848 perfectio)
1280 2775 1387 2843 xxlr,
1411 2779 1427 2830 5

361 2856 456 2914 Risies
485 2857 550 2929 (Mp.
574 2860 630 2915 Em.
653 2856 724 2929 382)
746 2857 869 2924 xxm,
896 2862 906 2913 l
934 2858 1047 2931 (Attalo
1068 2862 1236 2927 notavimus,
1268 2862 1336 2930 quic
1358 2860 1381 2914 B
1402 2868 1428 2913 et

361 2941 414 2996 ulii
433 2957 498 2996 cum
520 2938 661 2996 Romanis
682 2958 717 2996 ec
738 2942 804 3009 leh„
827 2942 879 2995 nlii
899 2959 963 2996 eum
986 2942 1041 2998 leh,
1086 2942 1159 3011 Quid
1179 2944 1208 2995 M
1213 2941 1236 3013 t)
1262 2944 1278 2996 4
1302 2940 1426 3002 Romani

361 3022 398 3078 ad
421 3020 583 3078 Cenchreas
606 3022 766 3094 (Hertzius‚·
790 3024 872 3079 codd.
890 3024 1015 3081 Romani
1034 3021 1168 3096 Cenchr.)
1193 3027 1209 3080 6
1232 3023 1427 3098 pugnantibus

360 3105 472 3178 (Gron.)
495 3107 531 3161 12
544 3104 718 3178 pertinacius
731 3104 899 3181 [Quinctius]
915 3108 1064 3163 Romanus
1084 3106 1139 3179 (W.
1151 3107 1229 3162 Nibil
1243 3108 1324 3163 uliud
1340 3107 1428 3177 lutet.)

360 3187 482 3257 XXIV,
502 3189 519 3243 3
536 3188 666 3260 (admoto
679 3207 765 3262 quum
780 3190 925 3247 lncobsius
937 3208 951 3245 e
964 3192 997 3245 ll:
1020 3189 1172 3262 admot0q;
1186 3190 1289 3250 ‚Druli
1301 3189 1428 3258 admoto,

361 3280 513 3343 qnantum.
529 3317 535 3329 .
550 3280 694 3344 proruto,
716 3291 803 3346 quum
824 3272 944 3346 ingenti)
963 3270 967 3347 l
986 3272 1061 3328 inter
1082 3280 1174 3328 turres
1196 3273 1262 3344 (Mp.
1278 3276 1337 3332 Em,
1358 3272 1428 3345 382)

361 3353 472 3422 XXV,
507 3356 542 3410 10
575 3363 652 3410 stetu
683 3365 778 3411 motus
808 3356 873 3427 (bip.
897 3359 955 3414 Em.
976 3354 1036 3410 383
1058 3373 1073 3410 e
1095 3356 1192 3411 codd:
1223 3364 1299 3411 stetu
1330 3355 1428 3425 modo)

362 3436 488 3505 XXVI,
511 3439 573 3493 bet
593 3441 608 3492 7
632 3447 729 3511 empta
752 3436 799 3511 [ex
817 3437 916 3512 praeda
937 3437 1082 3511 mancipia
1108 3455 1171 3494 curn
1191 3436 1427 3512 coniurationem]

361 3516 496 3575 fecissent
526 3519 620 3591 (codd.
640 3531 746 3592 prutes·
770 3525 806 3588 Β,
839 3524 869 3576 in
899 3538 954 3593 queo
984 3537 1106 3577 nucitum
1132 3524 1253 3592 spatium
1283 3531 1342 3590 est,
1374 3524 1430 3577 nisi

362 3604 439 3674 quod
468 3620 503 3658 ee
530 3603 645 3674 addidi3
679 3604 811 3659 debebam
842 3604 967 3673 tortasse
993 3602 1029 3670 ii,
1068 3613 1118 3659 aut
1144 3607 1254 3676 potius:
1291 3601 1365 3660 Cum
1395 3603 1429 3659 iis

363 3702 449 3757 quum
472 3685 581 3745 coniur.
630 3689 749 3743 Prorsus
769 3688 841 3742 nibil
861 3695 919 3753 est,
951 3687 1028 3758 quod
1055 3688 1253 3757 reprehendas.
1306 3689 1377 3742 llum
1400 3690 1429 3742 in

362 3767 497 3841 mancipii
517 3772 629 3824 nomine
649 3788 791 3842 nunquam
812 3788 865 3825 usu
885 3770 1019 3841 loquendi
1032 3787 1067 3825 en
1084 3773 1254 3840 sipnittcotio
1271 3779 1321 3836 est,
1345 3788 1428 3842 quom

361 3851 534 3907 lustinionus
561 3854 738 3925 etymolopioe
767 3853 980 3922 accommodct;
1016 3855 1113 3924 itaque
1141 3852 1257 3926 captiva
1285 3852 1429 3927 mancipia

361 3936 490 3989 universe
518 3935 668 4004 dicuntur‚·
704 3953 738 3990 en
769 3935 910 4006 quomodo
939 3938 1042 3991 Setiam
1073 3938 1218 4004 uenerint,
1250 3938 1430 4007 sipnificotur

362 4016 456 4072 uerbis
496 4016 534 4072 ab
574 4016 633 4074 Set.
672 4026 770 4092 empta
802 4035 839 4072 ex
875 4017 983 4091 praeda.
1048 4020 1144 4076 Vacuo
1176 4021 1285 4089 spatio,
1321 4021 1430 4074 omissis

362 4098 470 4169 uerbis,
500 4101 521 4155 Β
548 4103 579 4154 in
608 4117 629 4158 c.
649 4101 689 4155 24
712 4104 769 4157 trio
790 4100 889 4169 babet,
920 4101 975 4157 duo
998 4101 1085 4157 rerba
1106 4105 1167 4157 sine
1187 4103 1281 4171 spatie
1303 4101 1428 4171 omittit.)

364 4182 381 4237 8
420 4189 507 4254 capta
555 4178 702 4257 [Norbam
744 4192 773 4239 et
811 4180 939 4240 Circeios
980 4181 1137 4260 occupare]
1178 4185 1223 4218 *⁴*
1236 4184 1253 4217 *
1302 4183 1429 4239 servitia.

361 4263 395 4336 (Β
416 4274 481 4336 pest
501 4273 588 4338 cepte
610 4269 694 4322 trium
714 4284 845 4323 uersuum
865 4269 987 4337 spatium
1010 4267 1112 4337 bobet,·
1148 4266 1266 4323 servitia
1295 4269 1430 4338 uulpores

362 4349 503 4408 omittunt.
575 4349 698 4420 Apparet
745 4351 849 4406 lucrino
897 4352 926 4404 in
975 4350 1142 4422 subparibus
1187 4351 1352 4425 oceriltuto,
1400 4352 1427 4405 iu
