3484 5025
479 513 515 569 ta
739 508 816 558 nisa
831 507 933 562 xxxr.
970 509 1057 570 (aa.
1073 509 1183 573 esst.)

433 695 555 752 duarum
575 693 718 769 legionum
737 694 856 767 equites,
878 694 970 751 altera
990 693 1132 751 sociorum
1148 694 1306 769 equitatum
1327 693 1357 750 in
1378 712 1488 752 cornua

385 808 420 862 14
433 800 556 859 bostium
579 800 706 871 emittat,
736 819 789 858 nec
818 799 968 857 cucumire
991 818 1041 857 eos
1062 800 1152 857 aciem
1178 800 1320 875 patiatur3
1353 799 1440 857 simul
1459 807 1488 855 et

429 907 501 983 ipse,
522 915 555 963 nt
576 916 759 963 extenuatam
783 906 905 964 mediam
928 904 1051 963 diductis
1072 906 1206 963 cornibus
1225 906 1315 964 aciem
1332 904 1486 963 Gallorum

362 1048 367 1068 .
430 1013 517 1082 vidit,
550 1012 634 1088 signa
664 1012 772 1071 inferre
803 1011 947 1071 confertos
978 1012 1081 1069 milites
1110 1022 1139 1069 et
1164 1029 1350 1087 perrumpere
1370 1011 1487 1068 ordines

386 1119 518 1179 lbinbct.
574 1120 614 1177 Et
644 1137 752 1175 cornua
781 1119 818 1175 ab
848 1116 992 1191 equitibus
1016 1126 1045 1173 et
1066 1116 1151 1174 medii
1172 1135 1190 1172 a
1211 1116 1308 1191 pedite
1328 1117 1421 1193 pulsi,
1453 1136 1487 1176 ac

430 1235 557 1301 repente,
579 1244 667 1299 quum
688 1224 718 1280 iu
740 1224 818 1280 omui
836 1233 919 1298 parte
942 1225 1018 1281 caede
1041 1224 1149 1298 ingenti
1170 1232 1379 1294 sternerentur,
1407 1222 1487 1281 Galli

385 1336 421 1391 16
434 1340 516 1406 terga
550 1338 695 1387 verterunt
725 1328 852 1404 fugaque
883 1328 975 1386 effitsa
1006 1339 1137 1404 repetunt
1168 1339 1272 1385 castra.
1330 1328 1486 1403 Fugientes

434 1446 600 1511 persecutus
617 1454 719 1511 aques3
741 1454 809 1491 mox
831 1443 859 1491 et
879 1435 1006 1509 legiones
1026 1436 1161 1492 insecutae
1182 1435 1212 1491 in
1233 1441 1329 1492 castra
1348 1432 1486 1508 impetum

385 1543 571 1606 llfecerunt.
625 1542 720 1599 Minus
749 1559 800 1597 sex
830 1541 919 1598 millia
945 1542 1090 1599 hominum
1115 1541 1182 1597 inde
1203 1538 1380 1615 effugerunt3
1414 1556 1487 1596 caasa

436 1657 486 1706 aut
511 1658 598 1724 capta
618 1665 706 1723 supra
736 1648 861 1721 quinque
893 1657 921 1704 et
953 1647 1069 1721 triginta
1098 1647 1187 1703 millia
1216 1664 1279 1704 cum
1302 1645 1392 1720 signis
1414 1645 1486 1703 mili·

435 1755 545 1811 taribus
566 1753 762 1828 septuaginta,
795 1754 937 1828 carpentis
959 1753 1097 1824 Gallicis,
1123 1753 1211 1810 multa
1231 1752 1330 1827 praeda
1352 1753 1486 1816 oneratis,

387 1864 423 1921 18
435 1860 500 1935 plus
521 1859 658 1921 ducentis.
705 1859 854 1916 Hamilcar
875 1861 934 1916 dux
956 1861 1062 1917 Poenus
1085 1878 1119 1915 eo
1141 1858 1242 1934 praelio
1262 1858 1364 1916 cecidit
1385 1871 1414 1916 et
1430 1870 1486 1916 tres

437 1965 625 2040 imperatores
656 1965 765 2023 nobiles
797 1965 959 2023 Gallorum.
1017 1966 1177 2023 Placentini
1205 1964 1321 2040 captivi,
1361 1966 1399 2021 ad
1430 1966 1484 2022 duo

341 2069 386 2139 22
439 2072 528 2129 millia
560 2070 713 2128 liberorum
746 2071 881 2145 capitum,
914 2071 1017 2128 redditi
1039 2070 1157 2128 colonis.
1224 2072 1334 2145 Magna
1365 2071 1485 2128 victoria

437 2178 560 2253 laetaque
583 2180 683 2236 Romae
703 2176 771 2244 fuit3
798 2176 900 2233 litteris
922 2176 1025 2247 allatis,
1047 2175 1218 2252 supplicatio
1239 2177 1269 2233 in
1292 2177 1415 2235 triduum
1437 2178 1485 2235 de·

406 2288 515 2344 lerata
536 2293 587 2341 est.
637 2284 833 2341 Romanorum
855 2282 1056 2357 sociorumque
1080 2284 1117 2339 ad
1138 2283 1195 2340 duo
1218 2283 1307 2340 millia
1329 2302 1364 2340 eo
1386 2283 1484 2359 proelio

436 2391 611 2459 ceciderunt,
643 2389 759 2464 plurimi
783 2389 891 2446 dextrae
913 2389 980 2459 alae,
1011 2389 1041 2446 in
1074 2408 1160 2463 quam
1192 2388 1286 2464 primo
1314 2389 1423 2465 impetu
1444 2390 1485 2448 vis

406 2497 559 2556 3hostium
581 2495 681 2571 iugens
705 2494 786 2552 illata
815 2500 866 2551 est.
923 2492 1094 2568 Quanquam
1127 2514 1180 2569 per
1212 2503 1363 2569 praetorem
1397 2515 1484 2573 prope

436 2604 606 2662 debellatum
639 2612 715 2670 erat,
748 2601 847 2658 conani
879 2618 993 2674 quoque
1021 2599 1053 2658 C.
1075 2602 1228 2674 Aurelius,
1259 2600 1403 2678 perfectis,
1426 2621 1486 2677 qna

435 2712 536 2767 Romae
561 2708 673 2783 agenda
704 2705 834 2773 fueraut,
866 2704 1012 2780 profectus
1037 2706 1066 2762 iu
1088 2705 1215 2764 Galliam
1245 2706 1381 2764 victorem
1406 2727 1485 2766 exer·

435 2816 521 2872 citum
544 2833 562 2871 a
584 2823 705 2889 praetore
727 2811 845 2885 accepit.

406 2932 423 2983 4
517 2917 626 2976 Consul
647 2918 719 2974 alter
740 2936 826 2992 quum
847 2926 985 2974 autumno
1006 2916 1096 2973 ferme
1120 2926 1221 2975 exacto
1249 2919 1279 2974 in
1306 2919 1485 2993 provinciam

405 3025 567 3094 5venissat,
594 3023 672 3080 circa
692 3023 878 3098 Apolloniam
899 3023 1078 3079 hibernabat.
1133 3025 1182 3081 Ab
1205 3024 1305 3094 classe,
1328 3043 1393 3099 quae
1414 3023 1485 3082 Ocr-

435 3150 509 3207 cyrae
531 3130 671 3187 subducta
693 3139 770 3197 erat,
802 3127 834 3186 0.
857 3107 994 3186 Claudius
1016 3129 1203 3203 triremesque
1224 3132 1381 3199 Romana,
1414 3131 1486 3188 sicut

436 3245 502 3293 autc
532 3235 638 3292 dictum
669 3243 726 3302 est,
755 3235 887 3292 Athenas
909 3234 1002 3291 misse
1024 3253 1111 3309 quum
1134 3236 1257 3293 Piroeum
1279 3236 1485 3311 pervenissent,

435 3341 676 3417 despondentibus
709 3341 766 3396 iem
798 3340 909 3397 animos
940 3340 1025 3397 sociis
1054 3359 1133 3415 spem
1155 3341 1297 3417 ingentem
1321 3344 1484 3402 attulerant

404 3449 512 3511 6Nam
534 3457 563 3505 et
583 3456 731 3504 terrestres
754 3447 792 3503 ab
813 3443 967 3516 Corintho,
1000 3465 1063 3520 quse
1093 3467 1145 3522 per
1167 3449 1289 3524 Megara
1309 3449 1485 3507 incursiones

404 3556 463 3614 liu
485 3572 571 3631 agros
592 3553 654 3610 fieri
675 3551 766 3609 solite
788 3562 878 3622 erant,
899 3571 958 3608 non
978 3553 1093 3623 fiebant,
1115 3562 1143 3611 et
1163 3553 1329 3628 praedouum
1354 3573 1373 3611 a
1397 3553 1485 3612 Chal·

434 3661 497 3718 cida
517 3678 621 3729 naves,
643 3676 706 3731 quae
734 3676 792 3713 non
821 3676 900 3715 mare
922 3657 1014 3715 solum
1037 3657 1180 3729 infestum,
1204 3659 1253 3716 sed
1276 3660 1362 3716 etiam
1385 3678 1485 3718 omnes

434 3766 593 3822 maritimos
623 3781 710 3839 agros
738 3762 962 3819 Atheniensibus
994 3762 1136 3834 fecerant,
1166 3783 1225 3821 non
1254 3766 1340 3821 modo
1362 3765 1485 3824 Sunium

433 3891 579 3948 superare,
602 3871 653 3928 sed
674 3888 709 3925 ne
730 3877 813 3924 extra
828 3866 932 3926 fretum
944 3869 1046 3945 Euripi
1061 3871 1169 3945 quidem
1183 3871 1361 3927 committere
1383 3881 1483 3946 aperto

403 3977 506 4038 8mari
527 3995 558 4033 se
579 3975 733 4035 audebant.
787 3972 1020 4049 supervenerunt
1052 3975 1096 4033 his
1127 3985 1185 4032 tres
1214 3978 1334 4034 Rhodiae
1367 3979 1484 4053 quadri-

431 4102 539 4152 remes,
571 4090 600 4138 et
620 4088 701 4137 eraut
721 4079 827 4137 Atticae
847 4089 906 4136 tres
928 4090 1035 4155 apertae
1057 4100 1160 4152 naves,
1192 4082 1230 4139 ad
1251 4082 1372 4138 tuendos
1398 4082 1483 4140 mari·

431 4187 517 4244 timos
538 4203 625 4260 agros
646 4193 830 4260 comparata.
873 4186 940 4243 Hac
961 4186 1052 4243 classe
1066 4187 1090 4243 si
1104 4189 1174 4244 urbs
1189 4188 1308 4263 agrique
1323 4189 1483 4246 Athenien·

431 4292 504 4350 sium
526 4291 753 4362 defenderentur,
775 4291 845 4349 satis
867 4292 896 4348 in
917 4292 1069 4367 prasentia
1090 4292 1265 4350 existimanti
1280 4292 1403 4352 Claudio
1421 4313 1483 4352 esse
