3484 5025
515 523 552 578 st
757 518 835 567 uther
852 518 994 571 xxxvu.
1030 517 1077 583 (s.
1095 534 1121 571 u.
1141 534 1164 572 c.
1184 517 1256 576 ses.)

471 703 586 779 petendi
609 721 716 772 causa,
747 721 805 757 non
827 703 959 759 consulto
979 712 1095 773 senatu,
1127 711 1159 759 nt
1186 703 1243 760 sibi
1262 703 1292 760 id
1312 702 1398 760 facere
1414 702 1486 772 licerit
1521 762 1522 766 ,

442 806 456 857 7
471 808 642 881 reliquisset.
690 808 834 865 Petebant
852 825 916 864 cum
933 827 968 864 eo
984 809 1025 868 M.
1042 807 1164 866 Fulvius
1180 808 1324 876 Nobilior,
1341 806 1387 866 Cn.
1400 809 1486 866 Msnlim
1521 820 1522 827 ’

477 914 574 982 Vulso,
602 914 643 969 M.
669 913 805 968 Valerius
830 912 980 972 Messalla.
1034 913 1157 970 Fulvius
1186 914 1289 970 consul
1316 932 1383 970 unus
1405 924 1487 981 creatu,

470 1039 558 1093 quum
589 1018 675 1076 ceteri
703 1017 847 1074 centurias
875 1037 933 1073 uon
961 1018 1140 1092 explessent;
1170 1018 1253 1091 isque
1276 1028 1387 1093 postero
1407 1016 1487 1075 diedo

470 1124 611 1181 Manlium
635 1123 747 1198 Lepido
770 1122 882 1179 deiecto
903 1125 981 1193 (nam
1002 1123 1141 1180 Messalla
1163 1123 1264 1195 iacuit)
1293 1123 1422 1199 collegam
1440 1122 1488 1179 dixit
1519 1181 1521 1188 ,

439 1226 615 1286 8Praetores
641 1228 746 1284 exinde
767 1227 838 1285 facti
860 1229 918 1284 duo
941 1228 977 1301 Q.
1000 1228 1096 1298 Fabii,
1119 1230 1221 1285 Labeo
1246 1238 1275 1285 et
1297 1229 1392 1293 Pictor
1418 1229 1488 1301 (rim

469 1335 574 1390 flamen
597 1333 755 1406 Quirinalis
778 1353 812 1389 eo
836 1353 912 1390 enno
934 1336 1124 1409 inauguratus
1146 1334 1270 1406 fuerat),
1293 1336 1333 1391 M.
1352 1332 1488 1409 Sempmniu

470 1440 650 1507 Tuditanus,
689 1438 739 1514 Sp.
768 1439 936 1497 Postumius
964 1439 1106 1507 Albinae,
1142 1440 1176 1499 L.
1215 1440 1348 1496 Plautius
1382 1441 1487 1516 Hypsas

470 1545 506 1601 L.
526 1544 642 1600 Baebius
665 1543 765 1602 Dives.

374 1632 416 1702 48
554 1649 595 1707 Μ.
623 1649 730 1706 Fulvio
760 1650 914 1706 Nobiliore
942 1659 970 1706 et
998 1648 1051 1709 Cn.
1074 1650 1185 1706 Manlio
1214 1650 1345 1709 Vulsone
1372 1648 1486 1707 consiliio

292 1722 457 1843 ᾓζῗξξ
470 1754 606 1810 Valerius
632 1754 736 1811 Antias
767 1765 868 1812 auctor
897 1763 940 1811 est
968 1755 1114 1811 rumorem
1145 1754 1288 1811 celebrem
1320 1757 1414 1813 Roma
1434 1752 1486 1810 tum

323 1830 331 1845 .
438 1865 499 1917 2et
524 1879 606 1934 paene
632 1879 685 1935 pro
714 1870 792 1917 certo
824 1860 971 1930 habitum,
1000 1859 1157 1935 recipiendi
1179 1859 1324 1934 Scipionis
1348 1855 1485 1917 adolescat·
1514 1873 1521 1887 '

469 1984 559 2022 causa
586 1966 732 2022 consulem
764 1966 797 2025 L.
826 1965 990 2041 Scipionem
1023 1975 1050 2023 et
1081 1982 1145 2022 eum
1177 1983 1213 2021 eo
1241 1966 1277 2025 P.
1309 1959 1485 2023 Africannni
1512 2007 1522 2015 .

438 2070 644 2144 3colloquium
678 2081 816 2127 evocatos
850 2071 927 2145 regis
960 2080 989 2128 et
1022 2072 1102 2147 ipsos
1135 2072 1358 2146 comprehensos
1389 2088 1448 2138 esse,
1520 2070 1522 2076 ’

469 2176 590 2233 ducibus
612 2175 705 2250 captis
727 2174 879 2232 confestim
902 2176 940 2232 ad
960 2183 1057 2232 castra
1074 2178 1210 2233 Romana
1232 2178 1385 2234 exercitum
1405 2177 1451 2232 duct

468 2301 562 2355 eaque
591 2290 759 2357 expugnata
789 2291 818 2337 et
844 2282 955 2338 deletas
984 2299 1083 2338 omnes
1111 2282 1212 2356 copias
1240 2284 1424 2341 Romanorum
1481 2303 1484 2308 ·
1513 2282 1516 2288 ’

438 2388 516 2447 tob
539 2389 599 2444 haec
614 2388 733 2444 AEtolos
756 2387 905 2443 sustulisse
928 2388 1040 2444 animos
1063 2396 1091 2443 et
1113 2387 1250 2444 abnuisse
1271 2384 1430 2462 imperatui
1517 2425 1522 2438 .

470 2493 673 2568 principesque
706 2512 804 2549 eorum
842 2493 870 2549 in
902 2492 1106 2551 Macedoniam
1141 2504 1170 2548 et
1200 2493 1231 2550 in
1260 2494 1407 2551 Dardanos
1433 2484 1481 2546 eti

441 2600 628 2658 5Thraciam
663 2599 701 2653 ad
734 2591 923 2654 conducenda
958 2598 1089 2654 mercede
1114 2598 1234 2663 ,auxilia
1265 2598 1411 2675 profectos.
1443 2592 1482 2650 uu
1505 2593 1522 2621 “·

472 2703 520 2777 qui
536 2703 701 2759 nuntiarent
716 2705 852 2786 Romam,
867 2705 906 2762 A.
920 2704 1089 2760 Terentium
1104 2705 1269 2760 Varronem
1289 2713 1317 2760 et
1331 2706 1370 2761 M.
1383 2698 1481 2761 Claudii!
1514 2728 1522 2738 ι

471 2808 613 2881 Lepidum
644 2809 681 2864 ab
707 2809 745 2864 A.
769 2806 905 2864 Cornelio
929 2819 1109 2883 propraetore
1136 2829 1172 2864 ex
1194 2810 1310 2867 AEtolia
1336 2809 1424 2864 missos
1441 2816 1481 2858 att
1507 2850 1512 2855 .

440 2911 607 2980 6Subtexit
628 2912 732 2968 deinde
753 2911 860 2967 fabulae
885 2913 968 2982 buic,
997 2913 1110 2987 legatos
1132 2915 1252 2971 AEtolos
1282 2915 1311 2971 in
1337 2924 1423 2970 senatu
1441 2909 1482 2964 int!
1511 2952 1522 2979 ι.

472 3026 568 3073 cetera
585 3018 641 3073 hoc
659 3036 776 3091 quoque
789 3017 985 3092 interrogatos
1001 3036 1073 3087 esse,
1090 3019 1166 3074 unde
1178 3019 1334 3089 audissent,
1349 3020 1481 3094 imperium
1511 3037 1522 3068 -·.

427 3198 432 3207 .
471 3123 621 3179 Bouianos
643 3123 672 3178 in
688 3123 763 3180 Asia
779 3132 881 3195 captos
897 3123 934 3178 ab
947 3124 1094 3180 Antiocho
1107 3141 1176 3196 rege
1197 3132 1227 3179 et
1243 3124 1392 3181 exereitum
1405 3119 1481 3178 delens

441 3235 548 3297 'iesse3
571 3229 690 3285 AEtolos
712 3227 907 3301 respondisse,
929 3228 966 3284 ab
989 3229 1048 3284 suis
1069 3228 1173 3302 legatis
1195 3247 1236 3297 se,
1263 3229 1311 3303 qui
1333 3248 1392 3286 cum
1411 3215 1482 3281 coruli
1519 3252 1522 3265 v

470 3333 591 3402 fuerint,
621 3334 758 3390 certiores
779 3332 884 3412 iactos.
931 3335 1068 3390 Rumoris
1090 3334 1174 3389 huius
1197 3335 1267 3407 quia
1287 3325 1482 3391 neminemdiu
1511 3348 1522 3361 ··

471 3449 618 3495 auctorem
645 3440 757 3507 habeo,
786 3458 881 3512 neque
909 3438 1056 3495 affirmata
1082 3458 1129 3495 res
1160 3458 1226 3495 mea
1258 3440 1389 3515 opinione
1410 3435 1437 3492 sit
1453 3438 1482 3484 nti
1512 3452 1522 3485 ·.

471 3561 525 3617 pro
547 3562 624 3598 vana
646 3544 849 3617 praetermissa.

375 3645 417 3714 49
554 3649 650 3705 AEtoli
671 3649 759 3723 legati
788 3650 818 3704 in
840 3657 972 3704 senatum
994 3649 1166 3718 introducti,
1196 3669 1285 3725 quum
1315 3662 1343 3708 et
1368 3663 1438 3706 causa
1454 3648 1482 3694 οὔ
1508 3661 1522 3684 ²

471 3769 524 3807 sua
548 3761 576 3807 et
598 3751 716 3809 fortuna
739 3756 915 3821 hortaretur,
939 3762 971 3808 ut
993 3755 1156 3810 confitendo
1179 3774 1230 3812 seu
1253 3757 1343 3831 culpae
1369 3771 1411 3812 seu
1429 3734 1483 3804 emi
1513 3752 1522 3803 ἐ

440 3864 457 3919 2
471 3856 585 3911 veniam
604 3858 748 3941 supplices
765 3867 904 3934 peterent,
920 3859 977 3915 orsi
994 3877 1012 3914 a
1022 3858 1168 3914 beneficiis
1181 3859 1211 3915 in
1223 3862 1359 3935 populum
1370 3860 1482 3917 Romula

471 3969 499 4016 et
527 3980 619 4035 prope
647 3965 857 4038 exprobrantes
888 3964 1023 4021 virtutem
1052 3983 1133 4020 suam
1171 3965 1200 4020 in
1230 3967 1356 4041 Philippi
1380 3954 1482 4024 bellet
1514 3990 1522 4012 ε

440 4064 651 4128 30ffenderunt
665 4087 749 4125 aures
766 4069 919 4126 insolentia
932 4069 1073 4125 sermonis
1095 4080 1123 4124 et
1142 4088 1186 4140 eo,
1204 4080 1304 4128 vetera
1327 4080 1354 4128 et
1369 4062 1482 4125 oblittettl⁸
1518 4112 1522 4119 .

469 4171 635 4244 repetendo,
655 4192 715 4228 rem
737 4174 930 4244 adduxerunt,
953 4174 1073 4235 utheud
1090 4174 1179 4249 paulo
1191 4175 1315 4248 plurium
1332 4169 1481 4233 maleficium
1513 4192 1522 4223 .·

469 4276 562 4348 gentis
585 4295 673 4350 quam
695 4280 899 4338 beneficiorum
922 4280 1062 4337 memoria
1086 4281 1196 4338 subiret
1218 4282 1330 4339 animos
1350 4267 1483 4357 patrum,ll
1512 4276 1522 4307 ²
