3484 5025
442 526 497 582 190
556 564 559 571 .
689 521 767 573 Liber
784 519 912 571 XXXIX.
949 521 996 583 (Δ.
1014 534 1038 570 u.
1058 533 1079 571 o.
1098 515 1172 585 570.)

394 707 535 776 ferentes,
557 724 631 781 qtros
654 706 892 763 Lacedaemonem
914 704 1065 762 vobiscum
1088 704 1175 761 simili
1198 704 1443 781 decausaoppng-

345 811 381 867 12
395 824 497 869 nantes
520 813 662 882 viderant,
684 808 894 887 confugerent?
927 811 987 867 Pro
1011 809 1314 885 vobisigituriustum
1328 812 1444 886 piumque

394 918 499 975 bellum
522 919 710 993 suscepimus.
754 916 840 989 Quod
862 935 949 990 quum
974 915 1021 972 alii
1043 915 1172 984 laudent,
1195 918 1401 991 reprehendere
1417 936 1446 975 ne

313 1039 346 1085 ,·
394 1023 607 1080 Lacedaemonii
630 1022 745 1097 (pridem
767 1021 889 1096 possint,
920 1020 959 1076 dii
982 1039 1098 1094 quoque
1120 1020 1176 1095 ipsi
1200 1022 1446 1096 comprobaverint,

394 1130 443 1203 qui
466 1129 549 1185 nobis
570 1129 721 1185 victoriam
744 1129 893 1198 dederunt,
916 1145 1042 1201 quonam
1066 1126 1154 1184 modo
1177 1146 1225 1196 ea,
1248 1128 1448 1200 quaebelliiure

394 1246 461 1292 acta
482 1246 557 1302 sunt,
588 1235 617 1291 in
640 1236 876 1310 disceptationem
899 1232 1036 1289 veniunt?
1068 1232 1202 1305 Quorum
1227 1233 1447 1290 tamenmexime

345 1349 462 1415 t3pars
487 1340 557 1396 nihil
579 1339 700 1414 pertinet
729 1340 766 1395 ad
798 1358 861 1398 nos.
918 1340 1059 1396 Nostrum
1087 1351 1141 1408 est,
1173 1340 1255 1411 qtrod
1280 1340 1448 1397 evocavimus

395 1447 431 1503 ad
453 1465 571 1502 causam
595 1444 744 1501 dicendam
760 1464 820 1510 eos,
843 1444 893 1517 qui
915 1445 951 1500 ad
964 1463 1046 1500 arma
1060 1445 1276 1518 multitudinem
1290 1446 1448 1515 exciverunt,

298 1615 304 1632 Ι
394 1553 442 1626 qui
467 1561 706 1626 expugnaverant
722 1551 867 1607 maritima
879 1551 996 1625 oppida,
1020 1552 1067 1624 qui
1080 1550 1275 1625 diripuerant,
1299 1552 1447 1624 quiooedetu

263 1690 271 1704 κ
344 1666 377 1719 14
393 1658 553 1731 principum
578 1656 715 1712 fecerant.
765 1655 852 1728 erod
874 1673 944 1711 vero
966 1655 1006 1711 illi
1033 1655 1182 1711 venientes
1206 1656 1237 1712 in
1259 1667 1358 1713 castra
1377 1658 1447 1714 inter·

393 1762 460 1819 fecti
483 1772 558 1830 sunt,
587 1775 715 1817 vestrum
739 1771 795 1828 est,
820 1751 902 1818 Areb
925 1772 954 1818 et
976 1760 1139 1828 Alcibiade,
1173 1761 1226 1833 qui
1257 1780 1337 1817 nuno
1357 1762 1448 1831 nosti

344 1869 447 1929 tediis
470 1868 573 1942 placet,
597 1867 748 1936 accusatis,
770 1886 829 1923 non
852 1877 991 1926 nostrum.
1024 1865 1446 1938 ExsulesLacedaemouioruu,

394 1993 451 2047 quo
474 1993 511 2029 ex
533 1973 653 2030 numero
674 1973 703 2028 hi
726 1991 842 2047 qrroque
854 1971 911 2027 duo
923 1970 1049 2040 fuerunt,
1071 1982 1098 2027 et
1124 1974 1361 2031 tunnnobiscum
1382 1980 1447 2029 eraut

394 2091 431 2144 et,
455 2080 533 2153 quod
556 2080 701 2155 domicilio
723 2079 777 2135 sibi
800 2078 967 2152 delegerant
988 2076 1135 2133 maritima
1157 2079 1282 2152 oppida,
1310 2098 1341 2136 se
1362 2080 1446 2154 petitos
1482 2127 1484 2160 ;

393 2186 550 2251 credentes,
582 2184 611 2241 in
634 2203 693 2252 eos,
727 2203 848 2257 quorum
883 2201 980 2256 opera·
1001 2182 1098 2257 patria
1128 2194 1265 2240 extorres
1297 2203 1334 2240 ne
1353 2185 1381 2241 in
1398 2191 1445 2240 tuto

393 2290 508 2363 quidem
539 2290 641 2345 exsilio
669 2299 755 2363 posse
784 2306 990 2345 consenescere
1011 2305 1042 2343 se
1064 2287 1308 2363 indignabantur,
1330 2290 1444 2365 impetun

343 2398 380 2454 16
393 2394 530 2451 fecerunt.
562 2394 776 2450 Lacedaemonii
798 2394 886 2467 igitur
908 2394 1155 2462 Lacedaemonios,
1178 2414 1239 2450 non
1256 2396 1360 2452 Aclraei
1377 2396 1444 2451 iuter·

296 2497 337 2568 37
391 2501 530 2569 fecerunt,
552 2520 613 2569 nec,
636 2500 697 2556 iure
719 2519 756 2555 au
778 2499 882 2556 iniuria
905 2500 1046 2568 caesisint,
1069 2502 1273 2590 argumentari
1297 2500 1388 2559 refert.
1415 2501 1445 2558 lt

393 2608 467 2691 enini
492 2608 540 2662 illa
562 2618 639 2663 certe
663 2619 761 2661 vestra
783 2617 857 2674 sunt,
881 2606 991 2674 Achaei,
1021 2604 1099 2679 quod
1121 2604 1202 2678 leges
1226 2607 1445 2682 disciplinamque

361 2713 615 2794 2retustissimam
640 2711 766 2786 Lycurgi
796 2711 960 2781 sustulistis,
986 2711 1063 2784 quod
1093 2730 1194 2766 muros
1223 2712 1361 2773 diruistis.
1390 2713 1443 2785 Qua

393 2833 516 2891 utraque
539 2819 575 2872 ab
599 2817 698 2872 iisdem
723 2817 808 2872 obiici
832 2818 879 2890 qui
893 2829 1023 2891 possunt,
1045 2814 1133 2890 quum
1148 2818 1225 2873 muri
1238 2817 1443 2876 Lacedaemoniis

392 2943 449 2979 non
478 2924 515 2978 ab
552 2924 697 2997 Lycurgo,
727 2922 779 2978 sed
813 2927 922 2997 paitcos
952 2934 1018 2979 ante
1053 2942 1145 2978 annos
1176 2924 1216 2980 ad
1250 2913 1442 2981 dissolvendam
1482 2940 1484 3003 ᾗ

363 3029 518 3103 3Lycm·gi
550 3028 729 3102 disciplinatu
752 3028 890 3085 exstructi
918 3028 995 3113 siut?
1027 3029 1159 3103 Tyranni
1187 3031 1266 3086 enim
1298 3050 1385 3105 nuper
1407 3044 1443 3084 eos
1482 3074 1484 3094 ,

300 3154 303 3157 ·
392 3153 487 3189 arcem
524 3144 552 3189 et
582 3134 788 3189 munimentum
821 3134 885 3201 sibi,
916 3153 974 3189 non
1003 3133 1112 3190 civitati
1143 3149 1342 3208 paraverunt,
1372 3131 1443 3202 et,si
1481 3102 1484 3167 l

393 3241 526 3305 exsistat,
543 3239 630 3296 hodie
659 3241 696 3296 ab
726 3239 826 3296 inferis
856 3240 1017 3314 Lycurgus,
1038 3239 1167 3312 gaudeat
1201 3241 1294 3298 ruinis
1318 3261 1405 3298 eonun
1422 3247 1444 3295 et

362 3350 468 3402 dnunc
492 3363 523 3401 se
547 3344 671 3417 patriam
697 3355 726 3400 et
748 3345 884 3418 Spartam
913 3345 1062 3417 antiquam
1090 3362 1254 3416 agnoscere
1276 3347 1361 3403 dicat.
1390 3346 1443 3403 Nou

381 3451 639 3523 ,Philopoemenem
664 3461 833 3523 exspectare
855 3468 908 3507 uec
932 3452 1065 3518 Achaeos
1087 3450 1138 3505 sed
1162 3469 1218 3506 vos
1240 3452 1308 3525 ipsi,
1330 3449 1443 3509 Laceda-

394 3555 491 3623 monii,
522 3555 626 3610 vestris
654 3555 788 3611 manibus
811 3555 930 3614 ,amoliri
959 3566 987 3612 et
1015 3556 1128 3611 diruere
1151 3557 1251 3612 omnia
1275 3558 1394 3630 vestigia
1412 3566 1443 3630 ty·

362 3661 522 3718 brannidis
544 3660 691 3716 debuistis.
734 3661 846 3718 Vestrae
868 3662 943 3717 enim
966 3662 1022 3718 illoe
1036 3661 1183 3718 deformes
1206 3662 1299 3719 veluti
1320 3663 1444 3720 cicatrices

392 3766 539 3821 servitutis
574 3778 656 3822 erant
678 3777 714 3834 et,
750 3785 836 3838 quum
870 3766 932 3821 siue
961 3767 1050 3822 muris
1083 3786 1136 3840 per
1165 3770 1350 3844 octingentos
1372 3784 1444 3845 prope

393 3888 485 3925 annos
510 3871 601 3936 liberi,
624 3870 780 3943 aliquando
803 3871 889 3925 etiam
913 3870 1055 3946 principes
1079 3871 1203 3928 Graeciae
1215 3873 1353 3941 fuissetis,
1375 3871 1444 3930 muris

392 3975 472 4029 velut
494 3973 682 4048 compedibus
704 3971 887 4031 circumdatis
906 3975 992 4031 vincti
1015 3996 1067 4051 per
1078 3990 1193 4033 centiam
1218 3999 1313 4036 annos
1328 3977 1443 4036 servistis.

354 4061 479 4150 ¹(iQuod
503 4071 541 4135 ad
567 4081 644 4155 leges
672 4081 822 4154 ademptas
847 4081 958 4148 attinet,
989 4100 1043 4155 ego
1073 4082 1211 4155 antiquas
1235 4083 1443 4143 Lacedaemoniis

392 4183 472 4257 leges
489 4196 627 4259 tyrannos
650 4187 791 4242 ademisse
813 4187 947 4256 arbitror,
976 4206 1030 4243 nos
1050 4206 1108 4243 nou
1132 4190 1368 4258 suasademisse,
1388 4204 1443 4264 quu

362 4290 451 4344 laon
473 4291 628 4358 habebant,
650 4292 700 4346 sed
722 4302 837 4347 nostras
859 4292 937 4366 leges
959 4293 1082 4363 dedisse,
1110 4313 1164 4351 nec
1188 4296 1267 4353 male
1289 4295 1443 4355 consuluisse
