3484 5025
576 512 655 563 uter
673 513 787 567 xxxn.
825 513 871 577 (Α.
887 510 936 565 Oh.
956 512 1025 576 tta.)
1253 516 1290 573 63

289 694 387 769 iusuper
407 695 599 753 turbaverunt
620 697 768 771 utrinque,
790 716 856 771 qum
877 696 1007 754 diflicilia
1034 705 1145 764 essent,
1173 695 1333 771 promendo

290 800 511 875 tdnomdoqne
540 820 595 876 per
615 811 707 858 totum
737 801 814 859 diem
845 802 961 859 habitat.
1006 800 1139 858 Tandem
1161 801 1364 869 Aristoenus,3

258 927 259 960 1
291 912 375 979 prator
385 906 573 977 Achaeorum,
586 925 623 963 ne
638 906 757 964 tecitum
772 907 924 964 concilium
939 907 1103 976 dimitteret,
1128 905 1225 973 ,Ubi“
1239 905 1333 979 inquit

258 1005 261 1094 J
293 1008 343 1078 ,illa
360 1012 519 1069 certamina
541 1011 713 1082 animorum,
735 1012 847 1080 Achaei,
869 1022 945 1080 sunt,
965 1012 1068 1086 quibus
1090 1012 1120 1068 in
1142 1010 1281 1067 conviviis
1303 1022 1333 1069 et

258 1099 263 1184 t
291 1116 395 1186 nom,
427 1135 516 1191 quum
545 1117 581 1175 de
609 1116 746 1191 Philippo
771 1127 799 1173 et
827 1116 968 1176 Romanis
995 1115 1102 1173 mentio
1132 1116 1248 1184 incidit,
1280 1115 1332 1173 vix

292 1220 400 1279 manibus
431 1220 619 1297 temperatis?
650 1222 739 1279 Nunc
766 1221 796 1279 in
830 1222 953 1280 concilio
980 1221 1018 1278 nd
1050 1239 1114 1279 eam
1149 1240 1209 1279 rem
1243 1234 1363 1287 unam4

290 1324 386 1398 nuno,
407 1344 497 1403 quum
519 1328 681 1403 legatorum
697 1327 831 1400 utrinque
852 1328 943 1385 verba
965 1326 1122 1396 audieritis,
1145 1345 1232 1401 quum
1256 1326 1333 1385 rele-

292 1441 344 1488 rent
352 1432 547 1508 magistratus,
571 1449 659 1507 quum
675 1450 770 1508 praeco
785 1432 824 1489 ad
837 1431 1016 1489 suadendum
1028 1441 1122 1502 vocet,
1137 1432 1337 1492 obmutuistis}

289 1534 314 1594 si
330 1555 382 1594 non
405 1555 476 1595 cura
497 1538 599 1596 salutis
618 1538 788 1607 communis,
810 1556 847 1595 ne
864 1537 961 1594 studia
977 1537 1101 1612 quidem,
1124 1555 1188 1610 quaa
1208 1537 1238 1593 in
1258 1538 1363 1604 hauc5

289 1651 329 1698 aut
343 1642 370 1699 in
385 1642 464 1700 illam
481 1651 594 1717 partem
607 1643 721 1700 animos
741 1651 854 1699 vestros
876 1642 1059 1712 inclinarunt,
1080 1660 1182 1700 vocem
1198 1617 1332 1716 cuiquam
1413 1626 1416 1629 ’

288 1756 391 1821 possunt
411 1746 594 1824 exprimere?
619 1765 707 1821 quum
732 1748 892 1822 presertim
913 1766 999 1804 nemo
1021 1758 1081 1805 tarn
1104 1747 1261 1817 habessit,
1284 1746 1333 1821 qui
1346 1747 1417 1811 ’θ-Ῐ,

287 1850 402 1925 ignorare
419 1853 531 1929 possit,
564 1851 677 1909 dicendi
699 1870 734 1909 ac
755 1851 911 1920 suadendi,
943 1854 1021 1925 quod
1050 1854 1171 1927 quisque
1193 1862 1243 1910 aut
1264 1852 1333 1908 velit

288 1968 327 2015 ant
343 1959 478 2034 optimum
494 1968 585 2034 putet,
604 1976 680 2015 nnnc
695 1957 877 2015 occasionem
891 1975 964 2028 esse,
986 1958 1156 2033 priusquam
1177 1958 1331 2032 quicquam

288 2062 469 2133 decumanum
490 2063 644 2122 nbisemel
663 2064 809 2120 decretum
829 2062 893 2132 erit,
916 2064 1049 2121 omnibus
1064 2064 1104 2135 id,
1125 2064 1212 2121 etiam
1229 2065 1332 2139 quibus

290 2178 340 2225 tute
364 2168 557 2244 displicuerit,
589 2187 643 2245 pro
673 2169 751 2226 bono
785 2176 873 2241 atque
902 2167 966 2224 utili
997 2167 1060 2226 foro
1089 2167 1329 2227 defendendum.“

290 2272 343 2332 lise
361 2273 526 2331 adhortatio
558 2272 690 2347 praetoris
717 2291 776 2329 non
802 2274 891 2330 modo
915 2290 1089 2346 quemquem
1117 2293 1204 2332 unum
1236 2255 1361 2333 elicuit?

261 2391 263 2448 ξ
290 2378 515 2449 tdtnadendnm,
536 2379 588 2437 sed
609 2397 646 2435 ne
666 2376 813 2435 fremitum
837 2380 952 2453 quidem
976 2386 1027 2436 ant
1039 2398 1169 2436 murmur
1190 2381 1332 2439 contionis

1355 1437 1362 1447 e

1339 1457 1344 1466 J

261 2461 265 2559 l
291 2492 358 2544 unte
372 2505 409 2545 ax
429 2496 475 2543 tot
491 2484 606 2563 populis
620 2494 804 2558 congregatae
815 2485 916 2543 movit.
959 2485 1035 2543 Tum
1048 2484 1210 2544 Aristaenus
1227 2494 1334 2562 pretor
1386 2484 1426 2556 21

261 2564 265 2649 l
288 2606 380 2647 rursus:
403 2592 492 2660 ,Non
508 2591 601 2666 magis
612 2590 763 2648 consilium
775 2591 868 2660 vobis,
890 2591 1034 2666 principes
1045 2591 1231 2662 Achaeorum,
1254 2592 1334 2650 deest

261 2670 266 2777 ⁵,
290 2711 358 2767 quem
372 2697 487 2772 lingna3
509 2697 561 2754 sad
581 2715 636 2753 sno
649 2695 772 2771 quisquo
793 2696 922 2771 periculo
944 2696 973 2752 in
998 2714 1149 2753 commune
1171 2698 1332 2756 consultum

289 2817 332 2858 non
349 2802 417 2862 vult.
467 2802 606 2859 Forsitan
629 2819 685 2877 ego
708 2820 825 2876 quoque
846 2812 987 2872 tacerem,
1019 2801 1043 2858 si
1072 2801 1203 2876 privatus
1225 2820 1333 2873 essam;

291 2922 350 2964 nunc
370 2907 488 2985 praetori
507 2907 594 2965 video
617 2917 747 2964 autnon
769 2908 898 2964 dandum
929 2906 1081 2964 concilium
1105 2907 1209 2982 legatis
1235 2908 1334 2980 fuisse,

290 3019 327 3068 tut
343 3031 398 3070 non
417 3013 481 3070 sine
500 3032 643 3090 responso
660 3032 711 3072 eos
728 3012 914 3070 dimittendos
930 3029 1007 3080 esse,
1029 3013 1206 3087 respondere
1227 3016 1364 3084 autem,2

291 3115 332 3174 mi
343 3137 376 3176 ex
396 3127 495 3176 vestro
514 3116 641 3186 decreto,
663 3117 714 3191 qui
730 3118 873 3193 possum?
894 3119 935 3175 Et
946 3116 1083 3191 quoniam
1096 3135 1181 3175 nemo
1196 3128 1334 3190 vestrum,

292 3222 328 3294 qui
343 3222 370 3281 in
388 3227 446 3283 hoc
476 3223 627 3282 concilium
651 3224 788 3281 advocati
810 3225 894 3292 estis,
921 3241 975 3298 pro
1008 3223 1150 3280 sententie
1179 3223 1333 3299 quicquam

262 3400 265 3409 Δ
292 3324 365 3388 litere
383 3331 446 3388 vult
468 3338 519 3386 aut
540 3330 638 3398 audet,
660 3329 807 3387 orationes
828 3329 992 3403 legatorum
1007 3330 1142 3385 hesterno
1165 3329 1220 3386 die
1232 3339 1263 3386 ut
1279 3349 1334 3405 pro

293 3437 414 3494 minuis
441 3436 535 3492 dictus
563 3452 800 3509 percenseamus,
827 3434 946 3509 perinde
973 3451 1008 3490 ac
1030 3452 1087 3490 non
1115 3434 1365 3507 postulaverint,3

295 3553 341 3609 qua
359 3561 374 3599 e
393 3561 424 3599 ro
446 3561 501 3598 sna
522 3549 627 3612 essent,
648 3541 700 3597 sed
720 3540 874 3610 suaserint,
898 3558 961 3613 quas
983 3540 1067 3597 nobis
1083 3547 1231 3596 censerent
1252 3539 1335 3596 utilia

267 3658 348 3726 ,ttsa
386 3646 515 3705 Romani
538 3646 705 3720 Rhodiique
726 3654 756 3702 et
778 3645 897 3702 Attalus
928 3645 1094 3702 societatem
1120 3642 1366 3718 amicitiamquet

274 3759 398 3830 dostram
420 3762 523 3828 petunt
546 3762 575 3808 et
595 3751 624 3808 in
649 3752 741 3820 bello,
769 3750 847 3825 qnod
870 3751 1011 3807 adversus
1033 3747 1201 3825 Philippum
1223 3761 1335 3826 gerunt,

276 3858 428 3915 -nanobis
441 3858 575 3915 adiuvari
596 3877 710 3932 aequum
732 3866 859 3914 censent.
904 3856 1058 3931 Philippus
1079 3855 1226 3913 societatis
1237 3859 1366 3914 sacnm5

301 3957 408 4019 admonet
430 3972 460 4021 et
479 3964 550 4021 iuris
572 3964 696 4032 iurandi,
721 3970 750 4020 et
772 3963 860 4019 modo
885 3962 1024 4038 postulat,
1047 3971 1076 4018 ut
1099 3979 1196 4019 secum
1218 3971 1336 4029 stamus,

303 4065 373 4137 uodo,
398 4089 433 4126 ne
456 4070 622 4127 intersimus
644 4070 742 4138 armis,
774 4078 940 4125 contentum
972 4070 1012 4125 ait
1043 4087 1074 4125 se
1099 4087 1170 4126 esse.
1218 4067 1367 4124 Nullineh

264 4165 266 4168 ’
304 4169 360 4226 venit
390 4175 417 4231 in
437 4186 570 4245 mentem,
604 4193 672 4244 cur,
705 4174 755 4248 qui
777 4174 905 4230 nondum
934 4175 1005 4231 socii
1028 4187 1107 4243 sunt,
1140 4173 1204 4248 plus
1236 4181 1337 4248 petant

307 4284 369 4340 quim
392 4281 500 4339 socius?
543 4282 613 4340 Non
640 4281 674 4337 fit
702 4280 758 4337 hoc
789 4297 883 4353 neque
916 4279 1057 4337 modestia
1082 4278 1213 4353 Philippi
1243 4297 1337 4352 nequa
