3484 5025
487 520 526 577 aa
733 516 813 566 nno
829 514 957 565 xxxva
995 515 1042 580 (Δ.
1061 529 1087 563 a
1105 530 1130 567 e.
1148 512 1222 578 aaa.)

444 702 479 759 ln
508 719 542 758 ae
572 701 719 775 triumpho
747 698 869 757 Gallicis
897 699 1043 775 carpentis
1074 716 1157 755 arma
1186 696 1328 773 signaque
1355 703 1381 753 et
1402 694 1465 769 spul'a

444 794 538 863 omnis
559 805 673 881 generis
695 805 822 861 travexit
845 815 873 862 et
896 823 970 861 vasa
993 821 1085 861 aenea
1102 802 1230 878 Gallice,
1255 813 1284 859 et
1300 820 1361 859 cum
1380 798 1465 875 aptit

396 911 588 971 iuuenilibus
610 928 751 984 equorum
773 928 890 985 quoque
912 918 1062 984 captorum
1081 926 1200 983 gregem
1218 908 1354 965 traduxit
1387 908 1466 964 aaa

444 1027 563 1089 torques
580 1016 726 1072 transtulit
742 1016 820 1072 mille
834 1016 1061 1090 quadringentos
1076 1012 1264 1087 septuaginta
1274 1031 1374 1082 unum,
1392 1010 1420 1067 sd
1431 1009 1466 1066 hrt

444 1122 508 1177 auri
527 1120 624 1195 pondo
641 1120 764 1176 ducenta
776 1119 972 1194 quadraginta
989 1126 1110 1193 septem,
1133 1116 1248 1191 argenti
1262 1116 1357 1174 infecti
1371 1114 1465 1188 factm

443 1226 473 1282 in
485 1225 607 1284 Gallicis
618 1225 697 1281 vasis
713 1245 772 1281 non
783 1224 898 1282 infabre
912 1242 965 1280 sno
982 1242 1062 1280 more
1079 1222 1176 1291 factis,
1198 1223 1258 1279 duo
1281 1221 1368 1278 millia
1380 1227 1465 1277 uuam

445 1331 639 1405 quadraginta
651 1331 758 1405 pondo,
775 1330 940 1404 bigatorum
956 1347 1139 1385 nummorum
1157 1328 1282 1384 ducenta
1293 1325 1400 1401 triginta
1412 1329 1464 1397 qual

397 1440 432 1496 13
446 1446 520 1493 tuor.
570 1434 720 1503 Militibus,
734 1435 783 1508 qui
798 1453 913 1491 currum
929 1434 1019 1491 secuti
1031 1443 1106 1504 sunt,
1124 1446 1261 1489 centenos
1275 1432 1387 1489 vicenos
1399 1429 1465 1504 qrb·

398 1548 432 1601 ll
447 1540 639 1608 assesdivisit,
651 1539 759 1614 duplex
770 1539 938 1607 centurioni,
950 1540 1055 1614 triplex
1068 1539 1167 1612 equiti.
1194 1539 1319 1596 Postero
1326 1534 1464 1595 uenum·

448 1649 601 1715 advocata,
618 1645 654 1701 de
667 1645 754 1701 rebus
769 1647 806 1702 ab
818 1664 849 1702 se
860 1645 950 1720 gestis
962 1655 991 1702 et
1002 1646 1039 1701 de
1049 1645 1156 1701 iniuria
1168 1644 1276 1702 tribuni
1289 1642 1363 1700 bello
1371 1640 1463 1697 alienes

445 1751 592 1825 illigantis,
614 1760 646 1806 nt
658 1768 718 1805 sua
732 1750 860 1805 victuriae
877 1748 973 1806 fructu
990 1767 1022 1806 se
1037 1748 1197 1820 fraudaret,
1219 1768 1308 1824 quum
1324 1743 1463 1810 disttffl'flh

447 1857 550 1913 milites
574 1864 779 1912 exauctoratos
802 1854 919 1910 dimisit.

351 1964 392 2035 41
530 1962 610 2018 Dum
640 1960 702 2015 haec
729 1959 759 2015 in
780 1959 868 2016 Italia
896 1969 1048 2032 geruntur,
1080 1959 1244 2018 Antiochus
1266 1958 1372 2036 Ephesi
1393 1981 1437 2004 :w

448 2066 603 2123 admodum
627 2065 663 2121 de
685 2063 760 2121 bello
782 2065 918 2122 Romano
940 2073 1016 2134 erat,
1045 2072 1185 2139 tanquam
1214 2085 1274 2122 non
1296 2051 1462 2121 transiturit‘

447 2171 551 2229 Asiam
575 2170 733 2238 Romanis3
763 2188 851 2243 quam
873 2169 1055 2227 securitatem
1086 2171 1112 2227 ei
1135 2189 1243 2245 magna
1265 2186 1334 2245 pars
1354 2183 1428 2224 amur
1462 2184 1463 2191 ¹
1488 2235 1495 2242 .

417 2280 435 2337 2
449 2284 500 2332 aut
517 2294 570 2350 per
588 2293 714 2332 errorem
733 2282 784 2329 aut
802 2273 977 2330 assentando
993 2272 1127 2333 faciebat.
1170 2275 1321 2332 Hannibal
1334 2289 1405 2340 unns,
1422 2303 1434 2313 „,
1457 2317 1461 2327 „

449 2400 483 2437 eo
509 2390 639 2455 tempore
668 2379 715 2436 rel
742 2378 871 2435 maxima
898 2379 976 2454 apud
1001 2397 1099 2454 regem
1127 2380 1288 2437 auctoritas
1316 2387 1386 2446 erat,
1414 2402 1423 2422 υ
1438 2402 1446 2434 1

450 2486 548 2544 mirari
570 2505 602 2543 se
624 2485 729 2555 aiebat,
753 2485 831 2559 quod
852 2504 911 2542 nou
932 2485 990 2543 iam
1012 2485 1042 2541 in
1062 2485 1137 2548 Asia
1159 2495 1257 2542 essent
1270 2481 1396 2551 Romani,
1416 2503 1448 2527 w
1462 2488 1466 2522 1

419 2590 588 2649 hrenturos
610 2591 751 2647 dubitare.
799 2591 927 2666 Propius
954 2609 1017 2648 esse
1046 2611 1083 2648 ex
1107 2591 1225 2649 Graecia
1251 2591 1281 2646 in
1303 2589 1396 2647 Asiam
1413 2603 1449 2657 ψ

451 2719 487 2755 ex
514 2697 602 2754 Italia
631 2697 660 2752 in
693 2696 837 2754 Graeciam
868 2697 1015 2766 traiicere,
1049 2705 1077 2753 et
1107 2696 1197 2752 multo
1228 2695 1365 2752 maiorem
1390 2708 1441 2748 eeu

451 2803 628 2859 Antiochum
661 2819 747 2874 quam
776 2801 896 2859 AEtolos
924 2820 1002 2871 esse,
1041 2821 1134 2876 neque
1174 2797 1281 2878 [enim]
1315 2798 1383 2856 mari
1416 2823 1443 2844 ιν

420 2913 540 2983 Aquam
574 2916 652 2963 terra
687 2906 795 2980 pollere
827 2907 963 2962 Romana
996 2926 1087 2967 arma.
1146 2907 1210 2963 Iam
1249 2905 1359 2981 pridem

451 3014 528 3070 circa
543 3012 670 3069 Maleam
693 3029 772 3080 esse3
794 3011 896 3067 audire
917 3030 990 3084 sese,
1011 3032 1104 3088 nuper
1124 3030 1218 3069 novas
1241 3029 1333 3068 naves
1352 3024 1444 3066 runnu¹
1467 3051 1468 3054 ,

421 3119 654 3193 bimperatorem
687 3117 729 3173 rei
760 3117 894 3191 gerendae
926 3134 1016 3174 cansa
1047 3136 1084 3174 ex
1116 3117 1204 3175 Italia
1237 3117 1358 3174 venisse.

452 3224 593 3280 desineret
622 3222 785 3278 Antiochus
819 3239 921 3296 pacem
953 3221 1009 3279 sibi
1039 3222 1102 3297 ipse
1134 3240 1186 3295 spe
1219 3240 1295 3278 vana
1329 3219 1420 3278 facere.
1457 3224 1469 3245 ⁵

451 3330 527 3387 Asia
555 3337 584 3384 et
615 3328 651 3383 de
679 3321 745 3402 ipsa
772 3326 848 3384 Asia
876 3327 957 3383 brevi
989 3336 1068 3384 terra
1100 3326 1234 3400 marique
1266 3320 1438 3383 dimicandum
1468 3321 1469 3327 '

451 3455 516 3494 cum
549 3433 690 3490 Romanis
728 3451 807 3503 esse,
851 3441 880 3489 et
916 3441 967 3490 aut
1003 3433 1154 3507 imperium
1192 3432 1374 3489 adimendum
1408 3444 1451 3482 to

421 3541 594 3598 bterrarum
630 3537 832 3594 affectantibus
864 3548 915 3594 aut
948 3539 1003 3613 ipsi
1034 3557 1154 3612 regnum
1188 3537 1384 3595 amittendum.
1420 3527 1440 3589 U
1468 3570 1470 3574 .

451 3665 523 3701 vera
552 3655 580 3700 et
608 3643 761 3718 providere
791 3652 820 3699 et
847 3644 970 3699 fideliter
999 3644 1154 3718 praedicere
1180 3642 1270 3703 vises.
1323 3643 1415 3714 ltaque
1446 3668 1448 3677 <

451 3769 504 3806 rex
530 3750 669 3820 navibus,
707 3767 772 3824 qrrae
797 3759 908 3823 paratae
942 3748 1145 3822 instructaeque
1172 3758 1271 3818 erant,
1307 3746 1439 3806 rehem«
1468 3749 1470 3769 ³

451 3854 538 3929 petit,
565 3865 597 3911 ut
624 3873 659 3911 ea
685 3855 766 3924 loca,
796 3854 820 3910 si
845 3852 922 3910 forte
952 3864 1030 3910 terra
1056 3854 1188 3910 venirent
1210 3854 1351 3923 Romani,
1375 3870 1445 3926 pa*
1468 3855 1469 3861 ’

422 3962 593 4028 7firmaret3
613 3970 738 4017 ceteram
753 3959 875 4016 classem
887 3958 1098 4034 Polyxenidam
1111 3978 1218 4033 parare
1231 3968 1259 4015 et
1270 3959 1402 4016 deducere

451 4064 660 4140 speculatorias
679 4083 770 4121 naves
788 4065 825 4121 ad
845 4064 943 4121 omnia
958 4064 1138 4138 exploranda
1157 4063 1236 4120 circa
1249 4062 1357 4120 insulas
1371 4050 1453 4116 haist

355 4169 398 4241 42
536 4169 568 4229 C.
592 4171 692 4227 Livius
721 4168 874 4244 praefectus
896 4171 1037 4226 Romanae
1064 4169 1182 4240 classis,
1214 4187 1279 4225 cum
1309 4155 1456 4242 quinqua

298 4354 381 4458 ι
452 4276 576 4333 navibus
594 4274 677 4333 tectis
696 4273 843 4349 profectus
864 4275 902 4330 ab
917 4276 1013 4331 Rome
1029 4273 1196 4346 Neapolim,
1221 4291 1279 4347 quo
1298 4273 1336 4329 ab
1353 4254 1468 4327 amia*
