3484 5025
448 486 507 542 210
746 480 823 529 Liber
834 480 892 530 XL.
922 480 967 544 (A.
982 496 1007 530 u.
1021 495 1043 530 o.
1059 481 1133 545 572.)

309 664 329 733 2
488 668 551 726 Ver
577 629 770 744 procellosum
799 688 834 726 eo
864 687 941 725 anno
972 667 1035 729 fuit.
1090 668 1194 725 Pridie
1222 665 1349 735 Parilia,
1378 668 1452 725 medio
1489 673 1492 752 l

403 775 494 833 ferme
522 777 583 846 die,
612 783 698 832 atrox
728 792 791 831 cum
821 785 908 832 vento
939 783 1096 848 tempestas
1128 769 1235 831 codrta
1263 774 1358 831 multis
1382 778 1452 835 sacris
1489 757 1492 869 l

403 881 592 958 profanisque
614 882 686 937 locis
706 891 832 956 stragem
848 880 932 949 fecit3
954 881 1038 955 signa
1054 900 1146 937 aenea
1158 880 1189 936 in
1202 879 1349 955 Capitolio
1360 881 1454 952 deiecit?
1490 892 1492 954 f

372 987 494 1047 2forem
517 1008 554 1045 ex
575 988 637 1044 aede
660 989 760 1059 Luna,
782 1007 846 1062 quae
867 988 898 1043 in
920 988 1067 1043 Aventino
1090 996 1149 1055 est,
1172 994 1291 1059 raptam
1315 987 1375 1043 tulit
1392 991 1451 1046 etin

402 1094 520 1169 posticis
549 1093 708 1169 parietibus
731 1092 845 1151 Cereris
877 1093 975 1167 templi
999 1091 1106 1161 affixit3
1137 1093 1225 1167 signa
1256 1089 1317 1146 alia
1343 1091 1370 1147 in
1394 1092 1451 1149 circo

372 1202 531 1261 3maximo
553 1220 618 1257 cum
640 1174 795 1266 columnis,
827 1198 931 1272 quibus
955 1200 1177 1274 superstabant,
1207 1199 1328 1267 evertit3
1357 1197 1452 1275 fastip‘a
1490 1189 1492 1194 ¹

402 1306 515 1380 aliquot
551 1304 722 1380 templorum
760 1323 779 1361 a
812 1305 984 1361 culminibus
1025 1307 1151 1379 abrupta
1195 1303 1276 1361 foede
1316 1303 1450 1380 dissipavit.

401 1412 506 1485 Itaque
520 1412 549 1467 in
564 1410 727 1487 prodigium
743 1428 828 1466 versa
846 1429 881 1466 ea
897 1419 1063 1485 tempestas,
1081 1411 1299 1485 procurarique
1309 1411 1451 1484 haruspices
1490 1387 1492 1412 ÷

277 1567 279 1569 .
370 1512 553 1573 tiusserunt.
601 1515 694 1574 Simul
715 1523 902 1589 procuratum
925 1525 977 1584 est,
1002 1516 1079 1590 quod
1096 1516 1239 1591 tripedem
1261 1515 1451 1575 muluchate
1490 1529 1492 1534 '

399 1631 499 1679 natum
522 1623 683 1678 nuntiatum
707 1630 779 1690 erat,
801 1630 828 1678 et
848 1641 865 1678 a
882 1622 1017 1692 Formiis,
1037 1622 1126 1678 aedem
1146 1622 1299 1697 Apollinis
1314 1621 1411 1680 Caiete
1425 1626 1451 1681 dc
1490 1641 1492 1685 i

400 1727 469 1783 caelo
482 1737 598 1783 tactam.
623 1727 670 1786 Ob
682 1747 717 1785 ea
729 1727 863 1803 prodigia
874 1727 975 1801 viginti
988 1728 1088 1784 hostiis
1102 1728 1266 1784 maioribus
1280 1730 1450 1787 sacrificatum

400 1841 482 1888 estet
495 1833 569 1888 diem
584 1853 670 1890 unum
683 1834 855 1909 supplicatio
867 1832 930 1889 fuit.

370 1938 387 1991 5
484 1938 542 1995 Per
563 1958 613 1995 eos
635 1940 696 1997 dies
718 1960 755 1997 ex
776 1941 878 1997 litteris
896 1939 933 1994 A.
950 1937 1078 1993 Terentii
1101 1938 1296 2013 propraetoris
1318 1940 1451 2015 cognitum,

399 2042 434 2100 P.
450 2041 653 2117 Sempronium
676 2044 704 2101 in
725 2044 862 2102 ulteriore
883 2044 1042 2118 provincia,
1065 2061 1153 2116 quum
1177 2044 1245 2118 plus
1270 2063 1375 2103 annum
1393 2065 1453 2122 ager

397 2146 508 2217 fuisset,
524 2158 668 2205 mortuum
681 2169 752 2206 esse.
794 2151 839 2207 Eo
855 2148 994 2205 maturius
1006 2148 1035 2204 in
1049 2148 1225 2222 Hispaniam
1243 2160 1382 2224 praetores
1398 2153 1453 2210 iussi

398 2253 552 2335 proficisci.¹
610 2312 613 2318 ,

368 2362 385 2417 6
434 2389 442 2396 ·
482 2360 657 2433 Legationes
691 2358 794 2415 deinde
827 2360 1027 2416 transmarina
1053 2358 1227 2417 introductae
1257 2370 1340 2432 sunt,
1371 2363 1454 2438 prima

396 2463 535 2520 Eumenis
563 2474 591 2522 et
618 2466 778 2522 Pharnacis
816 2484 917 2539 regum
953 2473 981 2520 et
1007 2464 1187 2521 Rhodiorum
1218 2470 1399 2541 querentium
1427 2470 1454 2526 de

366 2577 382 2629 7
397 2569 598 2645 Sinopensium
626 2572 718 2627 clade.
771 2571 899 2646 Philippi
928 2589 1043 2644 quoque
1072 2572 1161 2645 legati
1191 2582 1217 2626 et
1240 2575 1412 2631 Achaeorum
1433 2587 1454 2632 ct

396 2675 681 2733 Lacedaemoniorum
702 2679 755 2733 sub
770 2678 846 2733 idem
858 2687 972 2750 tempus
987 2687 1135 2732 venerunt.
1181 2678 1231 2746 Iis,
1255 2680 1338 2752 prius
1358 2681 1452 2737 Marcio

394 2781 509 2848 audito,
542 2781 590 2854 qui
624 2781 661 2836 ad
692 2800 738 2837 res
768 2782 890 2840 Graeciae
913 2780 1151 2854 Macedoniaque
1187 2784 1330 2842 visendas
1365 2788 1451 2843 missus

363 2879 465 2953 8erat,
488 2903 629 2959 responsa
651 2885 720 2941 data
742 2897 816 2942 sunt.
864 2862 944 2943 Asiae
963 2886 1080 2960 regibus
1098 2905 1132 2942 ac
1151 2889 1277 2945 Rhodiis
1297 2910 1450 2966 responsum

297 2975 316 3045 3
394 2999 450 3059 est,
491 2990 604 3064 legatos
637 2991 674 3046 ad
710 3010 760 3047 eas
793 3011 840 3048 res
869 2993 1004 3048 visendas
1033 3001 1165 3047 senatum
1199 2994 1366 3055 missurum.
1415 2999 1451 3053 Dc

392 3094 529 3169 Philippo
557 3106 679 3152 auxerat
701 3115 800 3153 curam
823 3098 965 3165 Marcius3
997 3115 1063 3154 nam
1093 3097 1135 3153 ita
1161 3096 1270 3156 fecisse
1292 3122 1372 3172 eum,
1399 3119 1450 3175 qua

390 3202 502 3257 senatui
525 3201 709 3276 placuissent,
732 3202 888 3271 fatebatur,
913 3211 944 3258 ut
965 3202 1051 3258 facile
1072 3215 1240 3278 appareret,
1267 3226 1327 3263 non
1350 3207 1449 3274 diutius,

359 3302 376 3356 2
390 3325 477 3380 quam
487 3327 603 3365 necesse
613 3306 862 3387 esset,'facturum.
885 3309 990 3382 Neque
1002 3310 1155 3364 obscurum
1170 3319 1235 3365 erat
1247 3312 1449 3380 rebellaturum,

358 3408 374 3463 3
389 3391 554 3486 omniaque,
570 3431 634 3486 quae
647 3423 714 3469 tune
727 3423 826 3487 ageret
840 3415 1014 3487 diceretque,
1028 3432 1062 3468 eo
1076 3422 1218 3486 spectare.
1254 3416 1320 3472 Iam
1340 3418 1448 3491 primun

388 3536 501 3574 ornnem
524 3517 586 3574 fere
607 3518 818 3573 multitudinem
841 3519 946 3575 civium
970 3537 1006 3575 ex
1028 3518 1181 3574 maritimis
1205 3519 1374 3578 civitatibus
1395 3540 1446 3578 cum

385 3619 503 3677 familiis
519 3622 578 3677 suis
593 3622 622 3677 in
634 3622 811 3689 Emathiam,
836 3642 899 3696 qnae
916 3612 991 3679 nunc
1009 3623 1121 3693 dicitur,
1144 3627 1297 3697 quondam
1315 3627 1447 3702 appellata

354 3725 371 3779 4
385 3726 504 3782 Paeonia
520 3736 572 3796 est,
588 3727 725 3796 traduxit,
742 3728 964 3801 Thracibusque
977 3738 1005 3784 et
1016 3728 1079 3784 aliis
1091 3730 1228 3786 barbaris
1242 3733 1331 3788 urbes
1344 3730 1446 3788 tradidit

383 3831 567 3900 habitandas,
575 3833 678 3888 fidiora
686 3835 747 3913 haec
757 3853 864 3908 genera
873 3834 1020 3889 hominum
1030 3832 1093 3889 fore
1100 3845 1182 3890 ratus
1190 3835 1220 3890 in
1229 3838 1366 3893 Romano
1374 3836 1445 3892 bello.

353 3935 532 4009 5lugentem
554 3956 588 3992 ea
607 3957 653 3993 res
669 3938 812 3994 fremitum
831 3939 1005 3994 Macedonia
1025 3949 1087 3994 tota
1104 3937 1184 4008 fecit,
1203 3940 1445 4015 relinquentesque

381 4053 500 4114 penates
523 4061 591 4098 suos
614 4062 678 4099 cum
701 4045 871 4118 coniugibus
895 4062 929 4100 ac
951 4044 1048 4099 liberis
1071 4044 1156 4118 pauci
1181 4045 1303 4102 tacitum
1328 4047 1443 4102 dolorem

380 4144 580 4215 continebant,
611 4147 883 4223 exsecrationesque
912 4149 940 4204 in
964 4149 1126 4223 agminibus
1149 4151 1393 4224 proficiscentium
1420 4149 1443 4204 in

349 4249 486 4322 bregem,
507 4251 639 4307 vincente
661 4253 728 4307 odio
751 4263 868 4323 metum,
892 4253 1130 4310 exaudiebantur.
1166 4255 1223 4311 His
1241 4254 1328 4312 ferox
1343 4256 1442 4312 animus
