3484 5025
539 517 617 567 matr
634 517 762 567 xxxiv.
800 516 909 583 (aon
930 520 998 585 rat.)
1201 526 1258 583 tta

262 700 402 758 vendiale
429 700 555 772 factum,
583 701 663 774 quod
689 700 835 759 Hadriani
864 703 1070 761 nuntiaverant
1098 704 1129 761 in
1150 723 1223 780 agro
1247 724 1301 765 suo

262 804 372 877 ridibus
393 806 531 880 pluvisse.

308 909 347 966 In
362 908 467 968 Gallia
481 911 516 971 L.
529 909 668 968 Valerius
682 908 807 966 Flaccus
822 909 979 983 proconsul
999 909 1076 967 eirea
1091 909 1301 971 Mediolanium
1351 900 1398 970 46

262 1032 289 1072 m
303 1011 403 1072 Gallis
414 1014 587 1072 Insubribus
598 1022 627 1070 et
639 1012 730 1083 Boiis,
749 1011 799 1085 qui
811 1012 958 1070 Dorulato
971 1014 1044 1072 duee
1060 1014 1098 1070 ad
1112 1016 1302 1075 concitandos

262 1118 365 1176 subies
388 1119 505 1176 Padum
533 1118 707 1192 transgressi
729 1124 825 1187 arant,
852 1116 943 1191 signis
968 1118 1081 1177 collatis
1110 1120 1302 1195 depugnavit3

263 1240 326 1281 eam
356 1223 451 1280 millia
475 1224 602 1282 hostium
632 1230 700 1279 sunt
725 1238 811 1279 oasa.
857 1222 918 1278 Per
946 1240 997 1279 eos
1023 1224 1085 1281 dies
1107 1224 1221 1300 collega
1240 1220 1333 1284 siua2

262 1371 269 1387 .
300 1328 427 1386 Porcius
460 1327 536 1387 Cato
569 1347 606 1385 ex
637 1325 784 1400 Hispania
822 1325 1021 1402 triumphavit.
1083 1330 1164 1387 Tulit
1200 1332 1231 1388 in
1265 1351 1301 1391 eo

262 1434 375 1509 nmpho
401 1434 515 1509 argenti
538 1433 638 1491 infeoti
664 1429 766 1508 viginti
793 1430 921 1504 quinque
949 1432 1040 1489 millis
1064 1434 1180 1509 pondo,
1208 1437 1302 1512 bigati

262 1544 342 1594 ntum
371 1537 477 1612 viginti
505 1540 563 1597 tria
591 1538 699 1607 millia,
739 1534 876 1593 Oscensis
911 1536 1069 1611 quingenta
1097 1539 1301 1615 quadraginta,

262 1641 294 1702 tri
322 1643 424 1717 pondo
452 1643 531 1700 mille
557 1642 778 1718 quadringenta.
837 1639 980 1698 Militibus
1009 1661 1047 1699 ex
1074 1645 1175 1719 praeds
1203 1645 1333 1706 divinita

262 1748 414 1823 taingnlos
438 1748 567 1805 ducenos
587 1757 783 1821 septuagenos
803 1745 879 1815 aeris,
899 1744 1006 1821 triplex
1027 1749 1126 1823 equiti.

310 1851 357 1909 Ti.
373 1850 565 1925 Sempronius
579 1851 681 1909 oonsul
701 1851 732 1907 in
746 1849 927 1926 provinciam
946 1851 1094 1925 profeotus
1115 1854 1145 1910 in
1160 1832 1300 1913 Boiorum

262 1954 350 2012 imum
382 1971 486 2029 agrum
516 1956 645 2031 legiones
676 1955 768 2012 duxit.
815 1954 939 2013 Boiorix
966 1966 1027 2013 tum
1055 1958 1172 2031 regulus
1200 1960 1333 2017 eoruml

262 2078 296 2118 Ι
321 2062 437 2118 duobus
462 2058 616 2129 fratribus,
646 2067 710 2116 tota
738 2067 825 2134 genta
853 2060 999 2115 concitata
1026 2061 1066 2117 sd
1092 2062 1301 2135 rebellandum,

262 2172 326 2223 stra
344 2165 418 2223 loeis
441 2164 549 2240 apertis
570 2164 676 2239 posuit,
699 2174 732 2221 ut
753 2172 909 2238 appareret
932 2163 1129 2235 dimicaturos,
1163 2166 1188 2221 si
1208 2167 1302 2223 hostis

262 2287 300 2329 tas
323 2272 472 2329 intrasset.
519 2266 629 2325 Consul
653 2269 721 2338 ubi,
756 2276 873 2341 quantae
906 2268 1013 2342 copim,
1051 2278 1163 2343 quanta
1194 2270 1333 2329 fidaeiab

262 2385 305 2433 sot
322 2376 412 2447 hosti,
433 2373 537 2444 sensit,
557 2373 689 2429 nuntium
713 2372 752 2427 ad
772 2372 915 2446 collegam
933 2373 1030 2443 mittit,
1052 2381 1092 2443 ut,
1116 2373 1141 2429 si
1156 2374 1304 2433 videretur

264 2520 275 2551 ‚
298 2486 459 2539 maturaret
481 2478 597 2547 venir03
627 2496 659 2536 se
680 2477 900 2552 tergiversando
923 2477 953 2535 in
975 2478 1131 2536 adventum
1157 2479 1217 2536 eius
1239 2498 1301 2538 rem

262 2592 436 2643 marturum.
501 2583 574 2656 Quae
602 2600 696 2639 causa
719 2581 832 2640 consuli
860 2582 1030 2653 cunctandi,
1065 2584 1177 2641 eadem·
1193 2584 1333 2656 Gallia-6

262 2699 423 2764 nmquam
464 2689 542 2762 quod
580 2687 726 2744 cunetatio
762 2686 890 2744 hostium
930 2687 1044 2745 animos
1077 2686 1223 2760 faciebat,
1259 2691 1302 2748 rei

263 2793 410 2851 atarsndre
432 2801 503 2863 erat,
525 2802 567 2863 ut,
587 2792 756 2867 priusquam
777 2792 1021 2867 coniungerentur
1035 2793 1186 2850 consulum
1201 2795 1303 2869 copiae,

262 2902 293 2955 ub
328 2896 531 2972 transigerent.
602 2899 663 2956 Per
699 2896 820 2953 biduum
854 2906 953 2954 tamen
989 2897 1062 2954 nihil
1096 2897 1174 2954 aliud
1214 2903 1332 2972 quaml

262 3008 371 3059 rimant
396 3002 495 3076 parati
523 3003 561 3076 ad
591 3002 797 3077 pugnandum,
827 3001 853 3057 si
881 3001 946 3075 quis
974 3009 1076 3057 eontra
1104 3003 1303 3076 egrederetur3

263 3107 316 3165 stin
348 3107 464 3164 subiere
496 3106 535 3162 ad
568 3106 692 3176 sallum,
724 3115 881 3180 castraque
914 3106 1001 3162 simul
1036 3107 1075 3162 ab
1109 3107 1187 3163 omni
1219 3116 1305 3181 parte

262 3211 362 3287 ggrassi
387 3220 464 3270 sunt
513 3209 625 3270 Consul
656 3228 739 3267 arms
768 3209 916 3284 extemplo
943 3227 1047 3283 eapere
1075 3209 1180 3268 milites
1207 3211 1335 3282 iussit38

262 3325 361 3374 rmstos
395 3315 465 3372 inde
495 3314 644 3390 paulisper
676 3313 830 3383 eontinuit‚
865 3322 899 3370 ut
934 3321 963 3371 et
994 3313 1132 3371 stolidam
1167 3315 1303 3372 fiduciam

262 3421 308 3479 nti
343 3428 465 3496 augeret
499 3428 529 3474 et
560 3419 726 3492 disponeret
764 3417 878 3492 copias,
921 3418 1025 3491 quibus
1059 3436 1181 3491 quaeque
1212 3418 1305 3493 portis

262 3535 424 3601 mperent.
471 3524 548 3580 Duae
576 3521 705 3596 legiones
732 3523 846 3580 duabus
873 3523 1080 3598 principalibus
1107 3522 1200 3595 portis
1221 3522 1337 3596 signal)

262 3627 335 3688 lasne
355 3628 451 3688 iussae.
501 3627 561 3686 Sed
588 3627 712 3702 inipso
739 3626 818 3683 exitu
846 3627 890 3683 ita
911 3627 1033 3684 conferti
1055 3627 1192 3685 obstitere
1214 3627 1305 3696 Galli,

262 3746 267 3791 ⁴.
295 3733 465 3791 clauderent
495 3732 585 3792 viam.
640 3732 700 3788 Diu
733 3731 762 3786 in
797 3732 938 3805 angustiis
969 3741 1129 3806 pugnatum
1163 3739 1220 3801 est3
1252 3733 1357 3789 nerto

262 3838 342 3895 utris
377 3837 474 3912 magis
508 3837 671 3911 gladiisque
705 3837 863 3909 gerebatur
898 3855 958 3907 res,
994 3854 1082 3909 quam
1118 3836 1206 3893 scutis
1242 3855 1307 3893 oor·

262 3942 410 4015 tribusque
441 3942 514 4017 ipsis
546 3941 646 3999 obnixi
677 3942 835 4016 urgebant,
871 3940 1013 4010 Romani,
1049 3948 1080 3997 ut
1110 3940 1194 4016 signa
1225 3939 1306 3997 foras
1322 3943 1355 3996 ll

262 4045 383 4116 laurent3
414 4045 511 4114 Galli,
541 4057 573 4102 ut·
603 4055 655 4103 aut
682 4045 712 4101 in
733 4054 831 4101 castra
857 4045 914 4118 ipsi
942 4053 1127 4118 penetrarent
1155 4053 1206 4101 aut
1227 4045 1308 4101 exire

262 4169 384 4211 emanas
415 4151 616 4226 prohiberent3
652 4168 705 4207 neo
740 4159 807 4206 ante
838 4149 868 4205 in
897 4151 973 4206 hune
1003 4157 1054 4206 aut
1081 4149 1161 4206 illam
1193 4158 1307 4223 partem
1324 4150 1360 4205 12

263 4256 347 4315 avari
368 4255 446 4313 aries
467 4263 638 4330 potuerunt,
661 4272 748 4327 quarn
771 4253 808 4327 Q.
829 4252 977 4310 Victorius
999 4250 1085 4325 primi
1107 4253 1158 4329 pili
1179 4252 1308 4328 centurio
1358 4265 1361 4271 ·

1058 4350 1106 4402 ll*
