3484 5025
616 547 695 597 nisa
712 547 825 596 xxxv.
863 509 909 611 (As
923 544 970 595 cu.
992 546 1060 609 iar.)
1264 548 1322 603 217

290 729 470 787 Alexandro
493 731 590 789 foreas
620 732 686 789 filiis
718 732 831 788 duobus
856 731 1023 805 Philippum
1054 739 1142 803 atque
1165 729 1366 786 Alexandrum

287 844 322 892 ut
349 835 420 892 filia
446 839 596 912 Apamam
625 838 744 895 nomina
769 836 962 912 imposueram
997 854 1085 909 quam
1111 835 1199 909 regiis
1227 835 1398 894 inclusamb

287 940 403 1016 nuptiis
433 942 529 999 maior
555 962 573 999 e
602 942 743 1001 fratribus
771 941 924 1017 Philippus
956 949 1070 997 secutus
1100 940 1129 996 in
1157 940 1366 998 Athamaniam

289 1043 401 1105 &aaa
459 1047 547 1105 Hune
576 1047 654 1109 forte
682 1048 799 1123 ingenio
827 1066 935 1105 vanum
957 1045 1053 1103 AEtoli
1079 1053 1107 1102 et
1129 1047 1292 1104 Antiochus
1313 1047 1397 1103 im-l

286 1151 430 1228 puleraut
446 1153 476 1209 in
494 1171 576 1229 spem
595 1154 775 1213 Macedonia
796 1153 888 1228 regni,
910 1152 990 1227 quod
1009 1152 1035 1208 is
1055 1170 1125 1209 rere
1146 1170 1247 1225 regum
1269 1151 1366 1226 stirpis

275 1266 385 1328 asset,
417 1256 442 1313 si
466 1259 691 1334 Amynandrum
715 1259 955 1333 Athamanesque
977 1258 1125 1315 Antiocho
1155 1256 1366 1324 coniunxisset3

292 1370 322 1420 st
351 1379 390 1420 eu
416 1363 533 1421 vanitas
562 1365 772 1439 promissorum
801 1381 858 1422 non
889 1365 966 1440 apud
989 1363 1156 1438 Philippum
1180 1362 1283 1431 modo,
1316 1362 1398 1417 sed8

288 1465 382 1524 ‘atiani
406 1468 485 1543 apud
505 1468 731 1545 Amynandrum
753 1470 853 1527 valuit.

283 1593 285 1598 ·
377 1573 416 1630 Iu
427 1574 544 1631 Achaia
558 1575 663 1649 legatis
675 1575 813 1633 Antiochi
825 1576 1052 1649 AEtolorumque
1067 1591 1165 1631 coram
1181 1574 1219 1632 T.
1232 1571 1367 1644 Quinctio
1415 1569 1461 1637 48

295 1675 379 1752 fflgii
401 1677 501 1735 datum
519 1688 565 1735 est
582 1679 744 1739 concilium.
794 1680 934 1738 Antiochi
950 1681 1063 1755 legatus
1080 1680 1161 1755 prior
1175 1696 1261 1751 quam
1273 1676 1398 1736 AEtolit

294 1791 339 1840 est
356 1783 482 1841 auditus.
524 1786 565 1855 Is,
589 1795 619 1842 ut
638 1785 777 1859 plerique,
799 1805 873 1860 quos
892 1805 963 1862 opes
982 1785 1172 1861 regimbrat,
1194 1782 1368 1856 vaniloquus

296 1888 390 1945 uaria
411 1897 563 1963 terrasque
584 1889 664 1945 inani
694 1889 790 1947 sonitu
821 1892 975 1949 verborum
1005 1889 1169 1966 complevit.
1229 1886 1398 1962 Equitumil

299 1991 538 2051 innumerabilem
570 1994 627 2050 vim
658 1994 751 2053 traiici
780 1997 971 2071 Hellesponto
1000 1997 1029 2053 in
1060 1996 1226 2069 Europam,
1262 1992 1367 2066 partim

299 2095 452 2171 'leucatem
481 2116 556 2172 quos
586 2100 790 2173 cataphractos
818 2114 941 2172 vocant,
971 2102 1076 2176 partim
1098 2098 1211 2174 sagittis
1233 2117 1270 2154 ex
1292 2116 1367 2172 equo

292 2211 409 2260 ¹uitantes
431 2213 476 2275 et,
500 2223 519 2261 a
541 2223 598 2279 quo
621 2204 692 2261 nihil
714 2207 784 2262 satis
806 2207 874 2263 tecti
895 2208 941 2277 sit,
965 2224 1068 2263 averso
1092 2204 1267 2278 refugientes
1292 2221 1367 2275 equo

278 2301 401 2384 justius
422 2310 552 2384 figentes.
600 2309 657 2366 His
685 2312 865 2383 equestribus
896 2313 986 2387 copiis
1016 2329 1182 2385 quanquam
1211 2308 1257 2364 vel
1280 2307 1398 2367 totius4

275 2393 424 2496 europa
453 2416 598 2472 exercitus
627 2416 657 2472 in
685 2434 774 2471 unum
806 2418 899 2473 coacti
931 2416 1013 2473 obrui
1046 2424 1181 2491 possent,
1213 2411 1369 2469 adiiciebat

297 2622 388 2709 ¹laudo
410 2627 515 2684 auditis
538 2628 674 2695 terrebat,
697 2628 810 2697 Dahas,
832 2627 936 2684 Medos
953 2628 1156 2704 Elymaeosque
1175 2636 1205 2683 et
1224 2625 1368 2684 Cadusios

274 2499 469 2743 {multiplices
490 2523 591 2597 copias
614 2523 758 2597 peditum,
789 2531 817 2578 et
840 2523 1004 2579 nominibus
1027 2543 1145 2598 quoque
1167 2521 1294 2596 gentium
1317 2519 1399 2580 vix5

275 2732 456 2817 [appellans.
503 2732 662 2789 Navalium
684 2751 754 2789 vero
778 2733 937 2807 copiarum,
960 2752 1034 2807 quas
1056 2734 1126 2790 nulli
1147 2743 1248 2808 portus
1264 2737 1399 2806 capereb

275 2818 338 2907 ᾗ
349 2835 459 2895 (li-ecia
472 2849 601 2912 possent,
624 2838 758 2895 dextrum
781 2856 870 2895 cornu
893 2837 1030 2896 Sidonios
1042 2848 1070 2895 et
1081 2838 1198 2914 'syrios
1220 2837 1368 2894 sinistrum

301 2943 427 3003 -Aradios
456 2955 485 3000 et
512 2961 551 2999 ex
571 2942 748 3017 Pamphylia
770 2942 885 3001 Sidetas
907 2954 1020 3013 tenere,
1052 2961 1125 3016 quas
1153 2952 1253 3018 gentes
1284 2941 1369 2997 nullas

312 3062 427 3123 mquam
449 3068 502 3105 nec
525 3057 588 3105 arte
608 3066 662 3104 uec
679 3048 785 3104 virtute
803 3048 901 3104 navali
919 3059 1091 3122 aequassent.
1126 3050 1191 3106 Iam
1207 3047 1369 3124 pecuniam,
1384 3056 1398 3106 7

312 3150 361 3210 'hm
386 3154 457 3211 alios
485 3154 554 3211 belli
583 3163 742 3228 apparatus
770 3152 880 3210 referre
909 3173 1155 3228 supervacaneum
1187 3171 1266 3218 esse;
1296 3153 1369 3208 seire

289 3244 396 3333 {luca
426 3259 592 3317 abundasse
621 3277 693 3315 auro
715 3277 829 3334 semper
850 3277 941 3333 regua
963 3261 1052 3317 Asiae.
1097 3260 1202 3332 Itaque
1223 3277 1281 3314 non
1304 3276 1368 3314 eum

314 3360 436 3441 Philippo
458 3385 511 3423 nec
529 3365 697 3423 Hannibale
718 3384 779 3420 rem
803 3363 930 3420 futuram
955 3365 1104 3433 Romanis,
1126 3362 1255 3438 principe
1278 3363 1369 3420 altero

296 3469 385 3527 :nius
405 3455 546 3542 civitatis,
569 3471 661 3527 altero
683 3470 864 3527 Macedoniae
886 3479 997 3526 tantum
1020 3471 1101 3543 regni
1123 3468 1227 3524 finibus
1249 3468 1369 3536 incluso,

286 3572 355 3630 :aad
380 3594 444 3633 oum
474 3593 580 3650 magno
610 3575 691 3630 Asiae
720 3575 808 3630 totius
840 3575 990 3649 partisque
1017 3574 1143 3647 Europae
1171 3591 1247 3647 rege.
1293 3572 1400 3629 Eum'8

312 3684 415 3751 ¹intuear,
448 3699 616 3756 quanquam
639 3681 676 3737 ab
699 3679 806 3737 ultimis
831 3680 948 3737 orientis
972 3678 1101 3735 terminis
1130 3679 1167 3735 ad
1189 3678 1369 3735 liberandam

293 3779 446 3843 :llreoiarn
466 3786 574 3852 veniat,
595 3784 666 3841 nihil
687 3785 836 3858 postulare
858 3786 895 3841 ab
912 3785 1037 3853 Achaeis,
1059 3784 1089 3839 in
1105 3802 1163 3857 quo
1180 3784 1252 3840 fides
1270 3802 1369 3840 eorum

317 3888 442 3948 firmans
463 3892 623 3960 Romanos,
645 3888 756 3963 priores
778 3889 873 3947 socios
897 3897 984 3964 atque
1006 3889 1130 3959 amicos,
1153 3889 1287 3957 laedatur3
1312 3889 1401 3944 nont)

317 3992 390 4065 nim,
409 4005 441 4053 ut
461 4014 559 4053 seeum
580 3995 720 4052 adversus
742 4012 793 4053 eos
815 4013 898 4051 arma
920 3995 1045 4068 capiunt,
1067 3993 1118 4050 sed
1140 4002 1172 4049 ut
1185 3993 1279 4050 neutri
1294 3994 1370 4067 parti

317 4106 372 4157 Μ
390 4100 580 4177 coniungant,
609 4109 722 4176 petere3
755 4119 856 4175 pacem
888 4099 1002 4172 utrique
1031 4098 1122 4174 parti,
1153 4098 1231 4170 quod
1259 4096 1370 4152 medios

318 4200 406 4263 m
427 4207 543 4274 amicos,
565 4213 674 4280 optent,
696 4205 772 4262 bello
794 4223 825 4261 se
847 4224 904 4261 uon
926 4205 1120 4279 interponant.
1173 4202 1255 4258 Idem
1279 4201 1421 4260 formelli

298 4288 520 4369 'amulorum
541 4313 655 4388 legatus
677 4309 874 4369 Archidamus
896 4309 993 4384 petiit,
1023 4318 1072 4378 ut,
1097 4327 1161 4381 quae
1181 4305 1320 4364 facillima
1342 4315 1371 4364 et
