3484 5025
432 495 488 551 182
618 484 621 490 '
695 493 773 542 Liber
785 492 912 544 XXXIX.
936 496 983 557 (a.
995 510 1020 546 u.
1032 510 1054 545 c.
1067 495 1143 555 sse.)

289 674 291 678 ’
386 679 541 755 oportebat
561 697 609 745 an,
631 696 696 751 qum
718 679 853 734 haberem
878 689 928 734 aut
948 697 1012 735 meo
1024 679 1087 735 iure
1110 689 1162 770 aut
1185 678 1323 736 beneficio
1343 687 1431 744 venno,

336 782 514 859 lleripere,
546 784 575 839 id
601 784 679 857 quod
712 794 787 840 nunc
816 782 934 841 facitis?
981 784 1178 852 Macedonum
1202 784 1347 854 civitates,
1375 801 1432 857 qaas

386 890 467 963 regni
491 889 545 945 mei
575 888 664 946 fuisse
696 888 842 958 fatemini,
874 908 933 945 non
962 890 1161 947 restituuntur.
1214 891 1359 947 Eumenes
1383 899 1432 945 tan·

388 1014 474 1069 quam
497 994 534 1050 ad
558 996 951 1071 Antiochnm'spoliandum
983 1015 1029 1052 me
1061 996 1142 1053 venit
1173 1007 1220 1065 et,
1256 996 1282 1052 si
1316 994 1433 1069 diispla·

302 1087 305 1092 ¹
344 1118 346 1121 ’
387 1112 442 1167 cet,
464 1101 562 1157 decem
574 1101 749 1176 ,legatorum
773 1101 918 1157 decretum
935 1100 1085 1177 calumniae
1105 1100 1364 1176 impudentissima
1379 1116 1434 1175 pra·

338 1194 374 1250 ¹2
389 1207 494 1270 tendit,
530 1224 587 1280 quo
621 1209 747 1264 maxime
780 1220 808 1264 et
837 1206 928 1263 refelli
959 1219 989 1263 et
1020 1207 1140 1281 coargui
1172 1217 1291 1283 potest3
1330 1204 1435 1261 disertis·

305 1381 307 1384 Ι
356 1351 362 1359 -
388 1313 460 1370 aime
482 1313 557 1369 enim
579 1311 804 1387 planissimeque
825 1311 853 1367 in
883 1313 1076 1387 eo.scriptum
1099 1288 1164 1381 est,
1193 1285 1437 1370 Cliersonesumet

390 1417 604 1494 Lysimachiam
638 1418 761 1474 Eumeni
793 1418 866 1475 dari.
915 1419 973 1477 Ubi
1004 1418 1118 1474 tandem
1142 1420 1243 1500 AEnus
1267 1428 1297 1473 et
1319 1418 1461 1495 Maronea¹

390 1536 418 1582 a
439 1525 574 1581 'ritraaae
596 1523 727 1579 civitates
749 1523 902 1597 adsellplae
924 1522 1010 1580 sum?
1047 1523 1134 1596 Quod
1157 1525 1197 1581 ab
1223 1523 1282 1580 tuis
1303 1542 1341 1580 ns
1358 1533 1438 1598 posu·
1469 1497 1475 1508 '

390 1632 451 1688 lare
476 1631 590 1704 quidem
615 1638 658 1684 est
680 1647 777 1697 ausus,
810 1629 838 1684 id
860 1629 939 1702 apud
964 1648 1026 1697 vos,
1053 1612 1204 1704 'tanquam
1227 1632 1267 1687 ab
1289 1629 1347 1686 illis
1366 1630 1441 1702 impo-

342 1731 520 1805 l3trarerit,
544 1733 716 1808 obtinebit?
744 1734 810 1807 Quo
833 1734 862 1790 in
884 1754 1004 1791 numero
1027 1754 1072 1790 me
1093 1736 1173 1809 apud
1198 1754 1252 1791 ros
1273 1754 1339 1792 esse
1357 1733 1442 1798 velitis,

390 1840 488 1899 refert.
538 1840 570 1897 Si
593 1851 731 1912 tanquam
757 1838 901 1896 inimicum
925 1824 956 1896 et
974 1842 1086 1897 hostem
1111 1829 1253 1897 insectari
1280 1839 1441 1915 propositum

343 1944 444 2013 idest,
467 1945 586 2020 pergite,
609 1955 639 2000 ut
662 1943 798 2017 coepistis,
830 1943 941 2014 facere;
973 1947 1016 2002 sin
1039 1945 1143 2020 aliquis
1166 1957 1213 2003 est
1233 1956 1382 2021 respectus
1400 1944 1443 2002 mei

392 2063 424 2107 ut
445 2051 520 2107 socii·
538 2062 626 2123 atque
646 2050 732 2106 enrici
754 2050 840 2124 regis,
865 2052 1013 2125 deprecor,
1035 2071 1071 2108 ne
1094 2072 1140 2108 me
1159 2047 1247 2108 tanta
1269 2052 1374 2109 iniuria
1392 2050 1443 2125 dig·

297 2147 338 2215 29
392 2177 459 2213 num
482 2156 642 2215 indicetis.“
677 2155 771 2211 Movit
787 2155 966 2229 aliquantum
991 2158 1085 2213 oratio
1107 2158 1186 2231 regis
1208 2158 1342 2232 legatos3
1363 2158 1444 2231 itaqua

393 2264 488 2321 medio
511 2279 650 2336 responso
673 2280 733 2316 rem
762 2262 987 2336 suspenderunt:
1020 2264 1044 2319 si
1078 2263 1177 2320 decem
1212 2264 1377 2339 legatorum
1404 2261 1444 2318 tle·

339 2364 472 2437 ,2creto
495 2366 617 2425 Eumeni
648 2367 723 2423 datm
748 2367 881 2423 civitates
908 2386 949 2424 em
978 2378 1090 2437 essent,
1123 2369 1196 2425 nihil
1224 2387 1258 2426 se
1281 2381 1401 2436 mutare;
1425 2364 1444 2423 si

394 2475 547 2550 Philippus
570 2472 645 2529 bello
668 2474 791 2548 cepisset
814 2491 881 2542 eas,
905 2474 1052 2547 praemium
1075 2474 1207 2532 victoriae
1237 2476 1303 2532 iure
1326 2474 1387 2532 belli
1405 2473 1444 2530 ln·
1480 2461 1482 2470 '

395 2584 534 2657 bitururn3
567 2581 590 2636 si
614 2592 744 2635 neutrum
769 2599 867 2635 eorum
887 2578 973 2646 foret,
994 2581 1188 2654 cognitionem
1213 2572 1333 2656 placere
1353 2578 1443 2639 senatui

394 2688 554 2753 reservari,
587 2696 615 2742 et
637 2696 668 2740 ut
689 2685 787 2740 omnia
809 2685 837 2740 in
862 2686 974 2760 integro
997 2699 1155 2756 manerent,
1178 2689 1329 2761 praesidia,
1350 2685 1441 2760 quaein

368 2831 372 2835 ·
394 2795 428 2851 iis
451 2795 569 2851 urbibus
591 2792 657 2856 sint,
679 2790 790 2848 deduci.
1327 2852 1352 2873 ι

364 2895 408 2954 3,
479 2899 533 2952 Hae
565 2889 661 2952 causac
695 2895 820 2950 maxime
857 2895 983 2950 animum
1018 2895 1147 2970 Philippi
1188 2896 1386 2953 alienaverunt
1412 2893 1438 2947 ab

394 3003 544 3065 Romania,
569 3015 598 3056 ut
620 3021 677 3057 nun
700 3021 717 3056 a
740 3003 848 3057 Perseo
871 3002 929 3080 lilio
953 3001 1013 3056 eius
1037 3000 1120 3056 novis
1144 3002 1242 3056 causis
1267 3014 1382 3071 motum,
1401 2986 1437 3054 sed

364 3108 432 3165 lob
455 3110 506 3163 has
530 3127 547 3162 a
571 3117 653 3180 patre
687 3105 792 3160 bellum
827 3105 956 3161 relictum
993 3107 1051 3162 filio
1086 3105 1178 3160 videri
1214 3108 1317 3180 possit.
1360 3108 1437 3164 Rome

366 3257 368 3259 -
394 3212 472 3270 nulla
496 3211 676 3268 Macedonici
710 3211 776 3266 belli
808 3211 935 3284 suspicio
969 3222 1040 3270 erat.
1090 3211 1123 3266 L.
1147 3211 1279 3291 Manlius
1309 3207 1435 3287 proconsul

393 3341 429 3377 ex
453 3318 595 3392 Hispania
618 3317 757 3383 redierat;
791 3316 835 3372 cui
869 3317 1027 3391 postulanti
1061 3318 1097 3372 ab
1131 3328 1236 3372 senatu
1260 3316 1290 3372 in
1312 3309 1435 3372 aedeBtl·

374 3426 466 3482 'lonae
488 3423 662 3496 triumphum
686 3440 781 3476 rerum
812 3406 961 3495 ¹gestarum
985 3422 1155 3496 magnitudo
1178 3422 1384 3497 impetrabilem
1402 3418 1435 3474 la·

334 3547 336 3550 ⁴
363 3533 501 3599 belcham
525 3527 687 3601 exemplum
712 3526 856 3592 obstabat,
880 3527 957 3598 quod
981 3526 1022 3581 ita
1043 3541 1247 3600 comparatum
1274 3546 1352 3582 more
1366 3523 1434 3581 ntaio

392 3656 455 3692 rum
479 3648 550 3702 erat,
572 3653 607 3688 ne
630 3633 703 3705 quis,
726 3633 774 3706 qni
797 3632 1026 3688 exercitumnon
1043 3632 1239 3706 deportasset,
1262 3632 1435 3706 triumphant

392 3741 447 3796 nisi
470 3738 660 3813 perdomitam
681 3750 875 3811 pacatamque
898 3737 1077 3812 provinciam
1099 3738 1270 3796 tradidisset
1292 3731 1435 3794 successori.

391 3845 506 3902 Medius
529 3856 625 3900 tamen
654 3845 746 3899 honos
776 3843 887 3898 Manlio
910 3843 1040 3911 habitus,
1071 3853 1102 3898 ut
1124 3862 1221 3899 ovans
1244 3844 1343 3899 urbem
1363 3841 1433 3897 iniret.

360 3950 472 4009 6Tulit
494 3969 616 4006 coronas
639 3966 742 4005 aureas
766 3949 975 4023 quinquaginta
998 3949 1086 4013 duas,
1110 3949 1173 4005 auri
1194 3940 1340 4023 'praeterea
1359 3944 1433 4022 pondo

360 4062 502 4115 'loentum
526 4055 644 4129 triginta
666 4054 738 4121 duo,
773 4054 885 4128 argenti
906 4055 1029 4110 sedecim
1054 4053 1144 4109 millia
1167 4065 1309 4125 trecenta,
1340 4063 1366 4109 et
1384 4067 1433 4126 pro·

389 4161 532 4216 nuntiarit
553 4161 581 4216 in
604 4171 724 4226 senatu,
758 4161 856 4215 decem
889 4159 978 4215 millia
1000 4158 1098 4238 pondo
1124 4159 1240 4232 argenti
1264 4173 1292 4216 et
1311 4157 1434 4230 octoginta
1480 4148 1482 4153 ’
