3484 5025
577 554 655 603 aaa
671 553 800 603 κων.
837 553 947 617 (acu
964 555 1035 616 1⁹⁵.)
1241 558 1296 613 15³

265 738 386 812 tuisque
421 736 551 812 quotidie
582 736 641 793 elia
674 753 762 810 super
793 735 852 792 alia
884 734 1016 792 facinora
1047 734 1189 793 eduntur?
1224 736 1340 793 Exhibe
1356 741 1390 795 10

266 842 392 900 liberam
415 841 579 899 contionem
601 839 650 895 vel
669 839 760 913 Argis
780 839 828 896 vel
850 840 1069 909 Lacedaemone,
1090 841 1116 897 si
1137 840 1238 897 audire
1258 840 1340 896 iuvat

267 965 341 1004 vera
374 944 583 1003 dominationis
613 943 862 1019 impotentissime
895 944 1025 1003 crimina.
1079 944 1123 1003 Ut
1153 944 1212 999 alia
1242 944 1340 1000 omnia
1354 949 1387 1003 11

268 1050 435 1108 vetustiora
454 1049 597 1117 omittam,
622 1066 709 1122 qnam
733 1048 839 1104 oedem
855 1050 947 1123 Argis
961 1049 1146 1123 Pythagoras
1167 1049 1231 1118 iste,
1252 1066 1342 1122 gener

270 1163 347 1224 tuus,
379 1171 464 1229 paena
484 1154 515 1209 iu
536 1151 628 1209 oculis
656 1151 728 1208 meis
757 1151 865 1208 edidit?
896 1170 983 1227 qnam
1005 1161 1037 1209 tu
1060 1153 1138 1226 ipse,
1165 1173 1253 1229 quum
1281 1155 1339 1211 iam

270 1275 365 1333 prope
384 1257 416 1314 in
437 1257 543 1314 finibus
565 1256 852 1314 Lacedaemoniorum
874 1256 988 1314 essem?
1018 1258 1088 1332 Age
1110 1259 1193 1328 dnm,
1216 1258 1392 1333 quosin12

271 1362 409 1420 contione
431 1360 656 1434 comprehensos
683 1360 817 1417 omnibus
842 1361 1025 1418 audientibus
1048 1362 1161 1419 civibus
1183 1363 1240 1419 tuis
1261 1371 1291 1418 te
1311 1362 1341 1418 in

272 1464 407 1523 castoriis
429 1464 596 1521 habiturum
618 1481 682 1520 esse
702 1465 906 1537 pronuntiasti,
928 1466 995 1523 iube
1018 1466 1131 1524 vinctos
1152 1467 1288 1541 produci,
1310 1474 1342 1522 ut

272 1570 372 1627 miseri
389 1576 541 1643 parentes,
574 1586 648 1642 quos
676 1567 753 1625 falso
783 1569 898 1644 lugent,
928 1571 1026 1627 vivere
1048 1572 1149 1628 sciant.
1192 1573 1235 1628 At
1256 1571 1341 1640 enim,
1357 1575 1392 1631 13

220 1701 221 1706 ¹
274 1674 385 1732 utiam
408 1672 452 1730 ita
479 1672 538 1729 sint
563 1674 639 1741 haec,
672 1672 741 1747 quid
769 1674 807 1730 ad
834 1692 903 1744 vos,
925 1675 1072 1733 Romani?
1102 1676 1170 1732 Hoc
1199 1684 1230 1731 tu
1262 1676 1341 1732 dicas

220 1785 235 1852 j„
275 1777 466 1836 liberantibus
487 1775 653 1834 Graciam?
680 1778 737 1835 hoc
759 1778 809 1846 iis,
832 1780 891 1853 qui,
913 1789 945 1836 ut
966 1780 1091 1836 liberare
1112 1790 1239 1853 possent,
1261 1800 1342 1837 mare

220 1903 236 1960 ¹¹:
277 1883 459 1950 traiecerunt,
480 1890 560 1937 terra
574 1880 705 1955 marique
718 1892 871 1957 gmserum
884 1883 1012 1941 bellum?
1035 1885 1099 1941 Vos
1113 1894 1221 1954 tamen,
1238 1885 1342 1958 inquis,
1357 1890 1393 1944 ts

278 1995 463 2058 rubumque
498 1985 654 2041 amicitiam
691 2006 727 2042 ac
765 1988 933 2045 societatem
970 1989 1088 2063 proprie
1127 2006 1185 2044 non
1224 1988 1342 2045 violavi.

220 2075 240 2164 ’ἐ
281 2089 399 2164 Quoties
420 2089 466 2145 vis
487 2089 560 2146 teid
575 2108 695 2163 arguam
711 2090 835 2148 iecisse?
858 2092 918 2151 Sed
941 2093 1009 2149 uolo
1031 2093 1177 2168 pluribue3
1199 2110 1342 2149 summam

220 2167 242 2262 l?
281 2213 337 2252 rem
359 2193 547 2268 complectar.
584 2193 697 2265 Quibus
710 2195 800 2269 igitur
814 2198 900 2253 rebus
916 2198 1043 2254 amicitia
1062 2196 1207 2252 violatur?
1228 2197 1343 2270 Nempe
1358 2200 1394 2255 15

249 2293 251 2298 ’
284 2298 323 2355 his
350 2298 479 2364 maxime
505 2300 633 2368 duabus,
661 2300 686 2356 si
708 2300 803 2356 socios
828 2319 910 2357 moos
931 2320 986 2375 pro
1006 2300 1138 2357 hostibus
1166 2302 1291 2370 habeas,
1317 2301 1343 2357 si

243 2401 259 2480 ᾗ
286 2420 343 2460 eum
363 2402 496 2461 hostibus
518 2411 548 2458 te
569 2403 738 2477 coniungas.
774 2406 940 2480 Utrumque
961 2405 1158 2462 arefactum
1174 2416 1226 2464 ast.
1262 2406 1341 2461 Nam
1359 2408 1394 2463 16

289 2517 312 2564 et
336 2508 504 2577 Messenen,
533 2528 590 2565 uuo
618 2518 707 2582 atque
734 2511 835 2567 eodem
866 2512 930 2567 iure
958 2508 1084 2581 foederis,
1116 2529 1174 2584 quo
1201 2520 1230 2568 et
1251 2512 1344 2568 Lace·

291 2610 449 2680 lamonem,
471 2611 502 2668 in
516 2613 673 2669 amicitiam
695 2623 824 2670 nostram
847 2627 1008 2690 acceptam,
1031 2616 1127 2672 socius
1150 2617 1213 2689 ipse
1234 2616 1343 2672 sociem

259 2700 261 2709 ¹
293 2715 364 2773 nobis
391 2718 494 2774 urbem
520 2717 551 2773 vi
577 2727 665 2791 atque
696 2719 785 2775 armis
812 2720 927 2794 cepisti,
958 2728 988 2776 et
1014 2739 1078 2776 cum
1101 2721 1238 2796 Philippo
1260 2722 1344 2777 hoste
1359 2722 1394 2775 17

285 2829 380 2899 Ι11111το
401 2841 460 2879 uon
482 2822 650 2878 societatem
673 2822 782 2891 solum,
812 2823 878 2893 sed,
907 2824 931 2879 si
956 2824 1011 2880 diis
1035 2823 1145 2898 placet,
1174 2824 1344 2880 affinitatem

298 2923 368 2981 etism
386 2945 438 3000 per
451 2925 603 2983 Philoclen
625 2925 790 3000 praefectum
814 2928 875 2982 eius
897 2929 1041 3004 pepigisti,
1064 2937 1101 2999 et,
1124 2938 1153 2984 ut
1171 2928 1277 2985 ballum
1293 2927 1344 2984 ad·
1359 2927 1395 2983 18

263 3010 265 3015 ¹
298 3040 445 3087 *nosnos
464 3048 578 3105 geraus,
600 3049 681 3088 mare
694 3032 772 3088 circa
786 3031 915 3088 Maleam
930 3031 1065 3088 infestum
1081 3033 1203 3089 navibus
1217 3033 1346 3108 piraticis

300 3126 376 3189 baeti
396 3145 424 3191 et
450 3135 548 3208 plures
574 3154 667 3211 prope
688 3137 766 3192 cives
789 3138 939 3194 Romanos
961 3155 1049 3208 quam
1072 3137 1224 3211 Philippus
1246 3137 1347 3210 cepisti

227 3248 231 3255 '
275 3284 282 3307 ¹.
303 3242 373 3308 etque
392 3239 531 3306 occidisti,
558 3240 705 3314 tutiorque
725 3240 907 3297 Macedoniae
930 3258 983 3295 ora
1005 3257 1092 3311 quam
1114 3240 1345 3313 promuntorium
1360 3244 1397 3300 19

305 3334 388 3399 lltlea
414 3354 593 3400 commeatus
624 3344 662 3400 ad
689 3345 832 3402 exercitus
862 3353 979 3400 nostros
1007 3343 1190 3417 portantibus
1222 3344 1346 3400 navibus

305 3435 355 3501 isit
392 3427 522 3503 i’roinde
543 3464 647 3521 parce,
668 3449 723 3515 sis,
746 3449 832 3504 fidem
855 3467 890 3505 ac
911 3449 977 3505 iura
998 3448 1145 3505 societatis
1166 3447 1290 3516 iactare,
1319 3452 1398 3506 et20

224 3561 238 3631 '-
307 3546 394 3606 omissa
412 3550 547 3626 populari
569 3551 701 3610 oratione
722 3565 862 3627 tanquam
884 3565 1025 3630 tyrannos
1046 3563 1075 3608 et
1093 3551 1185 3608 hostis
1199 3550 1346 3625 loquere.“

371 3653 428 3712 Sub
442 3656 504 3712 hac
512 3655 674 3712 Aristaenus
695 3676 772 3714 nunc
793 3657 1037 3725 monereNabim,
1058 3655 1232 3713 nuncetiam
1254 3672 1349 3722 oraro,
1396 3653 1440 3722 33

310 3757 344 3820 'h
367 3756 429 3816 dum
463 3759 577 3829 liceret,
612 3761 679 3818 dum
713 3762 829 3819 occasio
860 3771 951 3831 esset,
983 3761 1038 3817 sibi
1069 3778 1104 3816 ac
1133 3759 1257 3817 fortunis
1289 3757 1349 3814 suis

219 3894 226 3937 3
312 3860 458 3933 muleram
502 3865 612 3922 referre
652 3866 756 3923 deinde
794 3865 963 3922 nominatim
1007 3874 1146 3938 tyrannos
1188 3863 1378 3923 civitatium2

219 3977 230 3991 ”
312 3952 469 4023 filimarum
492 3967 593 4043 ooepit3
618 3969 681 4042 qui,
705 3970 837 4046 deposito
859 3970 982 4044 imperio
1003 3968 1195 4040 restitutaque
1216 3967 1348 4022 libertate

219 4137 222 4148 ⁸
289 4130 291 4135 ,
313 4062 363 4136 ⁸²5,
380 4081 540 4130 nontutam
562 4075 660 4144 modo,
681 4075 733 4132 aed
756 4075 842 4131 etiam
864 4076 1039 4131 honoratam
1061 4073 1137 4128 inter
1158 4071 1236 4126 cives
1250 4087 1349 4126 senec-

286 4222 288 4227 .
314 4168 380 4230 Neu
404 4177 535 4252 egissent
593 4178 650 4236 His
680 4179 764 4236 dictis
793 4179 822 4234 in
852 4178 946 4234 vicem
976 4177 1141 4250 auditisque
1169 4192 1229 4230 nox
1257 4181 1379 4249 prope3

219 4307 241 4349 ῃ
314 4264 403 4335 inanit
429 4281 614 4357 colloquium.
660 4287 785 4342 Postero
815 4283 862 4339 die
887 4282 982 4341 Nabis
1004 4281 1094 4356 Argis
1124 4298 1155 4336 se
1185 4279 1286 4337 cedere
1315 4297 1350 4336 sc
