3484 5025
1074 349 1121 398 ..χ
1191 372 1195 391 1

471 518 528 574 196
708 514 786 566 Liber
807 512 933 563 XXXIX.
971 510 1015 579 (Δ.
1034 527 1062 564 ιι.
1080 528 1104 566 c.
1125 512 1204 575 570.)

395 701 548 760 2Vetsres
569 712 717 776 pretores,
739 697 772 758 (l.
796 698 970 774 Calpurnius
992 698 1062 755 Piso
1084 709 1113 756 et
1136 698 1171 755 L.
1187 697 1352 771 Quinctius,
1366 699 1471 755 Romam

427 807 586 873 redierunt,
614 806 727 879 utrique
756 824 862 880 magno
885 818 998 880 patrum
1021 787 1165 861 consensu
1188 804 1356 879 triumphus
1377 815 1417 860 est
1434 803 1472 860 de·

397 915 531 971 ieretus.
574 910 661 968 Prior
682 910 716 971 C.
739 910 914 986 Calpurnius
933 910 970 968 de
995 910 1207 967 Lusitaniset'
1221 908 1378 967 Celtiberis
1391 908 1474 966 trium·

428 1019 541 1095 pbevit3
565 1034 687 1074 corones
709 1034 812 1072 aureas
831 1016 895 1072 tulit
919 1015 1067 1091 octoginta
1087 1026 1147 1072 tres
1175 1026 1204 1072 st
1227 1015 1381 1072 duodecim
1403 1015 1476 1071 millis

396 1124 524 1200 4pondo
551 1121 670 1197 argenti⁴
722 1122 838 1178 Paucos
866 1134 933 1195 post
960 1120 1020 1176 dies
1050 1122 1083 1178 L.
1107 1121 1264 1193 Quinctius
1286 1120 1476 1197 Crispinum

427 1231 527 1287 iisdem
566 1227 713 1285 Lusitanis
749 1238 778 1284 et
806 1225 959 1285 Celtiberis
990 1226 1193 1301 triumphavit3
1227 1228 1399 1299 tantundem
1427 1226 1477 1284 auri

396 1319 399 1326 ‘
429 1349 516 1411 etque
538 1323 649 1409 argenti
674 1334 703 1390 in
721 1353 756 1391 so
775 1332 920 1408 triumpho
938 1332 1097 1407 prolatum.

399 1447 416 1501 5
512 1440 655 1499 Censores
682 1441 724 1497 M.
748 1440 870 1497 Porcius
892 1449 921 1495 et
945 1438 977 1494 L.
1000 1437 1134 1493 Valerius
1157 1447 1237 1494 metu
1261 1439 1357 1497 mixta
1378 1458 1478 1515 exspes·

429 1547 539 1605 tatione
560 1557 692 1603 senatum
720 1545 861 1619 legerunt.
905 1544 1021 1619 Septem
1046 1555 1201 1599 moverunt
1223 1558 1342 1614 senatu,
1369 1566 1403 1603 ex
1429 1546 1479 1621 qui·

430 1656 483 1711 bus
506 1672 592 1710 unum
625 1652 769 1725 insignem
796 1663 829 1708 st
850 1651 1001 1708 nobilitate
1023 1660 1051 1707 et
1074 1650 1246 1714 honoribus,
1271 1653 1308 1709 L.
1333 1652 1480 1725 Quinctium

400 1753 624 1817 6Flamininum
654 1757 843 1815 consularem.
894 1756 1015 1813 Patrum
1046 1757 1184 1813 memoria
1207 1756 1377 1814 institutum
1398 1757 1482 1827 fertur,

430 1878 462 1923 ut
483 1882 617 1922 censores
640 1864 725 1920 motis
747 1875 848 1920 senatu
875 1862 1070 1918 adscriberent
1092 1874 1186 1918 notas.
1233 1859 1362 1920 Catonis
1383 1876 1410 1921 et
1432 1862 1484 1921 slis

431 1973 546 2049 quidem
574 1972 686 2027 acerbe
714 1970 860 2026 orationes
887 1978 1003 2024 exstant
1029 1968 1057 2023 in
1088 1986 1148 2035 eos,
1176 1986 1255 2041 quos
1277 1982 1333 2025 attt
1355 1970 1483 2027 senatorio

402 2080 496 2139 ‘lloco
527 2076 617 2133 movit
637 2086 687 2132 aut
709 2077 812 2150 quibus
834 2094 924 2149 equos
946 2074 1067 2141 adstitit,
1100 2074 1185 2149 longe
1208 2076 1392 2149 gravissima
1412 2077 1439 2133 in
1457 2077 1483 2136 lt.

432 2183 597 2258 Quinctium
620 2182 714 2239 oratio
736 2193 789 2252 est,
819 2201 879 2257 qus
905 2180 929 2237 si
952 2193 1104 2237 accusator
1125 2181 1193 2235 o‘nte
1216 2194 1334 2248 notam,
1356 2201 1414 2239 non
1434 2201 1485 2240 con·

432 2310 482 2349 sor
509 2300 575 2365 post
604 2299 703 2345 notam
731 2306 799 2344 usus
825 2298 911 2354 esset,
937 2287 1059 2343 retinere
1088 2286 1120 2343 L.
1143 2285 1319 2358 Quinctium
1349 2288 1380 2345 in
1401 2298 1487 2345 semla

432 2417 469 2454 ne
490 2396 580 2454 irater
602 2385 717 2468 quidem
740 2396 777 2454 T.
801 2393 962 2467 Quinctius,
983 2393 1008 2448 si
1031 2405 1088 2448 tum
1113 2410 1218 2448 censor
1240 2407 1333 2460 esset,
1356 2398 1488 2470 potuisset

404 2506 512 2568 8Inter
541 2513 636 2559 cetera
664 2500 769 2558 obiecit
798 2500 823 2557 ei
854 2501 1017 2576 Philippum
1049 2500 1180 2569 Poeuum,
1214 2518 1321 2559 carum
1353 2523 1388 2560 ac
1408 2501 1488 2561 nobile

433 2623 569 2680 scortum,
599 2610 636 2664 ab
664 2609 760 2665 Rome
785 2608 813 2664 in
836 2607 963 2666 Galliam
986 2606 1162 2682 provinciam
1186 2624 1241 2680 spe
1264 2608 1431 2684 ingentium
1450 2609 1488 2663 do

404 2727 535 2780 tinorum
564 2715 743 2791 perductum.
786 2713 861 2770 Eum
889 2732 1019 2787 puerum,
1037 2731 1091 2788 per
1119 2712 1274 2769 lasciviam
1303 2735 1395 2790 quam
1418 2713 1489 2771 cavil-

434 2824 550 2888 laretur,
581 2821 759 2894 exprobrare
788 2818 897 2874 consuli
921 2837 1049 2893 persmps
1071 2818 1197 2886 solitum,
1226 2822 1313 2893 qnod
1336 2825 1392 2879 sub
1413 2824 1490 2896 ipsun

410 2927 629 3004 'spectaculum
657 2924 859 2999 gladiatorium
891 2924 1031 2981 abductus
1060 2926 1097 2980 ab
1126 2926 1224 2982 Roma
1246 2939 1341 2996 esset,
1371 2940 1403 2984 ut
1424 2930 1491 2983 obss·

388 3045 423 3099 10
437 3017 533 3109 quium
551 3032 673 3088 nntetori
689 3031 819 3086 iactaret.
865 3031 955 3087 Forte
970 3031 1151 3104 epulantibus
1173 3032 1219 3094 iis,
1241 3032 1340 3105 ‘quum
1364 3036 1424 3090 iam
1440 3034 1492 3089 rino

418 3137 628 3219 'incaluissent
651 3137 812 3192 nuntiatum
835 3135 863 3191 iu
889 3137 1023 3192 convivio
1045 3154 1117 3204 esse,
1135 3138 1278 3194 nobilem
1313 3141 1422 3197 Boium
1443 3157 1493 3196 cun

436 3230 532 3301 liberis
555 3243 733 3317 transfugam
758 3214 887 3310 venisse3
909 3242 1061 3299 convenire
1083 3243 1229 3299 consulem
1255 3245 1347 3314 velle,
1369 3259 1402 3304 ut
1423 3248 1456 3303 ab
1469 3263 1495 3301 eo

390 3352 421 3405 tt
437 3353 520 3408 fidem
537 3369 662 3425 praesens
681 3328 837 3423 acciperet.
881 3348 1079 3406 Introductum
1103 3350 1131 3405 in
1154 3351 1386 3410 tubernaculum
1403 3373 1454 3429 per
1465 3353 1495 3408 in·

437 3465 590 3530 terpretem
621 3454 729 3529 alloqui
762 3453 908 3512 consulem
942 3454 1077 3528 cupisse,
1115 3456 1190 3512 inter
1223 3458 1313 3514 cuius
1348 3475 1496 3517 sermonen

438 3561 588 3633 Quinctius
611 3574 708 3617 scorto
733 3561 806 3630 „Vis
818 3567 867 3617 tu“
882 3560 983 3633 inquit,
999 3561 1153 3633 „quoniam
1166 3563 1388 3636 gladiatorium
1403 3576 1498 3642 specte·

390 3666 533 3728 l2culum
564 3666 719 3740 reliquisti,
755 3665 811 3723 isin
840 3667 915 3723 hunc
945 3667 1062 3726 Gallum
1101 3669 1274 3727 morientem
1310 3672 1453 3730 viderei‘
1479 3676 1500 3725 st

440 3790 527 3851 quum
556 3772 581 3832 is
608 3772 725 3827 vixdum
754 3773 830 3829 serio
862 3774 1017 3842 annuisset,
1048 3774 1213 3830 adnutum
1244 3780 1343 3835 scorti
1368 3778 1500 3835 cousulsn

439 3877 537 3933 stricto
559 3876 668 3951 gladio,
691 3880 739 3952 qui
761 3898 847 3954 super
869 3892 956 3954 ceput
977 3880 1128 3954 pendebat,
1150 3879 1288 3954 loquenti
1314 3885 1411 3944 Gallo
1433 3893 1502 3961 capnt

441 3983 563 4057 primum
592 3984 783 4057 percussisse,
816 3985 920 4042 deiude
947 3985 1066 4060 fugienti
1089 3985 1371 4066 fidemquepopuli
1396 3990 1503 4052 Romul

345 4082 387 4152 43
442 4100 653 4162 etqueeorum,
678 4089 726 4163 qui
746 4089 875 4160 aderant,
900 4091 1064 4165 imploranti
1085 4091 1161 4147 latus
1184 4075 1404 4162 transfodisse,
1459 4100 1504 4155 Vr·

440 4194 527 4250 lerius
549 4195 664 4265 Antias,
687 4206 717 4251 ut
739 4196 788 4270 qui
810 4216 862 4253 nec
881 4198 1039 4254 orationem
1065 4195 1186 4255 Catonis
1210 4201 1341 4278 legisset
1365 4222 1397 4266 et
1419 4206 1506 4267 labols

443 4312 553 4357 tantum
568 4302 629 4358 sine
648 4314 766 4358 auctore
782 4303 865 4360 edite
880 4303 1054 4372 credidisset,
1076 4303 1157 4362 aliud
1178 4326 1411 4385 argumentum,
1432 4311 1506 4372 sinilt
