3484 5025
468 518 526 574 164
710 512 790 563 Liber
809 513 936 563 xxxlv.
974 513 1023 577 (Δ.
1042 527 1068 564 u.
1088 529 1110 563 c.
1130 514 1206 578 seo)

422 711 450 758 et
484 698 517 758 O.
551 697 668 756 Atinius
699 697 831 753 tribunus
864 696 1002 766 militum,
1039 705 1151 770 quartae
1181 697 1247 770 hic,
1281 697 1331 755 illa
1363 698 1488 756 mour

420 804 558 879 legionis,
579 820 640 859 rem
661 800 692 856 in
714 800 824 875 asperis
845 800 954 874 proeliis
976 818 1053 875 saepe
1070 809 1228 871 tentatam,
1249 802 1338 877 signa
1359 802 1489 877 adempta

373 909 409 965 13
422 907 566 983 signiferis
596 906 626 962 in
649 906 748 961 bootes
769 904 935 964 iniecerunt.
982 905 1062 961 Dum
1091 914 1227 980 repetunt
1258 906 1348 964 enixe
1373 907 1486 982 signam,

324 1009 369 1077 Η
421 1014 534 1088 priores
562 1009 720 1067 secundani
745 1026 778 1065 se
808 1018 896 1083 porta
923 1009 1075 1066 eiecerunt
1139 1010 1203 1066 Iam
1225 1011 1258 1068 bi
1280 1020 1368 1070 exsta
1388 1009 1486 1068 vallon

421 1118 605 1193 pugnabant,
641 1122 748 1189 quarta
782 1113 897 1188 legione
928 1113 957 1169 in
989 1125 1076 1187 porta
1107 1114 1253 1186 haerente,
1293 1133 1387 1191 quum
1421 1115 1488 1172 ali·

421 1221 561 1280 tumultus
587 1238 626 1276 ex
654 1236 759 1275 aversa
785 1228 870 1293 parte
894 1225 1054 1274 castrorum
1078 1227 1122 1274 est
1142 1228 1272 1276 exortos.
1320 1220 1360 1277 In
1382 1229 1487 1296 portat
1514 1189 1518 1338 l

390 1325 607 1400 2quoestoriam
618 1323 782 1398 irruperant
793 1321 885 1392 Galli,
899 1322 1122 1397 resistentesque
1136 1323 1316 1398 pertinacius
1330 1323 1490 1382 mutum

421 1432 457 1489 L.
483 1429 666 1488 Postumium
698 1436 886 1503 qnaestorem,
920 1426 965 1483 cui
993 1428 1149 1502 Tympano
1175 1427 1232 1485 fuit
1260 1445 1439 1503 cognomen,
1460 1435 1489 1484 at

422 1536 463 1594 Μ.
487 1535 618 1591 Atinium
641 1543 670 1590 et
691 1535 726 1591 P.
749 1531 953 1606 Sempronium
975 1531 1128 1606 praeiectoa
1149 1532 1279 1603 socium,
1303 1543 1335 1592 et
1356 1534 1507 1592 ducentes-

391 1636 514 1695 3ferme
534 1637 647 1695 milites.
696 1635 792 1711 Capta
813 1636 851 1692 ab
874 1654 909 1693 ea
930 1646 1014 1711 parte
1035 1646 1131 1693 castra
1153 1649 1251 1705 erent,
1273 1639 1371 1696 donee
1390 1637 1485 1696 colion

422 1743 664 1811 extraordinarie,
682 1741 771 1798 missa
791 1759 810 1796 a
822 1740 941 1797 consule
955 1740 993 1796 ad
1009 1741 1146 1798 tuendam
1162 1741 1354 1816 quaestoriam
1370 1749 1485 1817 portu,

422 1857 452 1903 et
472 1864 538 1916 eos,
565 1846 615 1919 qui
635 1845 712 1901 intra
732 1845 841 1902 vallum
863 1857 960 1916 erant,
981 1844 1088 1919 partim
1111 1845 1230 1917 occidit,
1255 1846 1365 1920 partim
1385 1843 1482 1921 expal't

391 1949 540 2019 icastris,
579 1958 607 2004 et
642 1950 867 2024 irrumpentibus
903 1950 1022 2008 obstitit.
1069 1948 1182 2005 Eodem
1213 1947 1277 2006 iere
1304 1959 1436 2025 tempore
1456 1955 1484 2006 (t

422 2063 528 2128 quarta
541 2053 617 2128 legio
633 2072 699 2110 cum
715 2053 827 2109 duabus
845 2054 1082 2110 extraordinariis
1101 2054 1269 2111 cohortibus
1283 2064 1374 2129 porta
1389 2053 1480 2130 «apd.

421 2157 470 2213 Ita
503 2157 589 2213 simul
620 2158 678 2214 tria
709 2157 813 2232 proelia
844 2158 922 2214 circa
961 2167 1060 2214 caetra
1089 2157 1162 2214 locis
1194 2158 1372 2217 distantibus
1401 2165 1478 2228 aaut

421 2262 623 2335 clamoresque
651 2261 762 2319 dissoni
791 2261 829 2318 ad
858 2261 984 2317 incertos
1013 2279 1132 2318 suorum
1161 2274 1282 2319 eventus
1313 2283 1334 2322 a
1360 2261 1479 2340 praed

390 2366 579 2430 5certamine
599 2367 712 2422 animos
734 2365 924 2440 pugnantium
947 2365 1127 2421 avertebant.
1171 2360 1332 2439 usquead
1346 2367 1474 2425 meridie!

421 2473 512 2546 aequis
547 2471 657 2529 vilibus
689 2488 724 2528 ac
752 2489 844 2545 prope
873 2471 939 2546 pari
974 2488 1026 2544 spe
1060 2480 1220 2545 pugnatum
1258 2481 1317 2542 est;
1353 2473 1433 2531 labor
1452 2477 1481 2529 tt·

421 2587 508 2633 aestus
533 2576 632 2633 mollia
661 2585 690 2631 et
711 2575 802 2631 fluida
824 2594 950 2651 corpora
971 2574 1125 2633 Gallorum
1154 2584 1184 2660 et
1211 2576 1332 2635 minime
1355 2573 1472 2653 patimt‘!

421 2680 484 2736 sitis
517 2698 606 2754 quum
639 2680 778 2737 decedere
808 2697 908 2754 pugna
941 2680 1099 2754 coegisset,
1141 2679 1169 2735 in
1202 2697 1314 2755 paucos
1346 2688 1470 2738 restuto

422 2785 563 2859 impetum
590 2784 718 2842 Romani
751 2783 896 2853 fecerunt,
926 2781 1067 2858 fusosque
1095 2785 1297 2859 compulerunt
1327 2786 1359 2842 in
1386 2792 1468 2842 m

391 2903 409 2956 6
422 2891 544 2965 Signum
558 2890 626 2946 inde
640 2888 768 2964 receptui
782 2870 821 2946 ab
835 2888 954 2946 consule
968 2889 1068 2946 datum
1084 2898 1139 2960 est;
1162 2890 1201 2947 ad
1216 2892 1296 2964 quod
1315 2908 1386 2966 pars
1397 2886 1469 2947 mu'tt

420 3003 592 3069 receperunt
612 3012 690 3065 sese,
717 3012 787 3070 pare
808 2993 973 3050 certaminis
995 2994 1090 3051 studio
1112 3003 1141 3051 et
1162 3013 1215 3069 spe
1235 2995 1371 3071 potiundi
1389 2990 1469 3052 mtt‘!

392 3099 547 3157 lhostium
563 3099 640 3156 circa
657 3099 766 3155 vellum
783 3108 899 3155 morata
915 3108 967 3155 est.
1015 3099 1126 3156 Eorum
1147 3099 1295 3174 paucitate
1317 3108 1470 3174 conumpu,

422 3203 504 3262 Gelli
532 3203 658 3260 universi
685 3221 722 3259 ex
751 3202 854 3260 castris
881 3213 1049 3278 eruperunt3
1081 3202 1139 3260 iusi
1164 3204 1232 3260 inde
1256 3205 1396 3276 Romani,
1422 3216 1469 3277 q!

420 3309 542 3384 imperio
576 3307 701 3365 consulis
731 3307 901 3377 noluerant,
944 3325 997 3363 suo
1036 3326 1147 3382 pavore
1185 3326 1221 3365 ac
1252 3318 1365 3366 terrore
1394 3314 1471 3365 eam

420 3423 564 3488 repetunt.
612 3413 660 3468 Ita
681 3411 764 3468 varia
785 3410 852 3468 hinc
874 3422 961 3485 atque
983 3411 1060 3468 illinc
1081 3430 1157 3469 nunc
1176 3412 1256 3487 fuga,
1278 3431 1357 3471 nunc
1369 3408 1470 3471 victotit

388 3517 489 3587 asum
511 3517 666 3576 Gallorum
688 3526 786 3572 tamen
808 3517 846 3572 ad
868 3517 999 3574 undecim
1022 3517 1121 3588 millia,
1143 3519 1346 3576 Romanorum
1365 3518 1470 3594 quidqu

420 3623 510 3680 millia
541 3632 608 3678 sunt
640 3619 746 3680 occisa.
807 3618 888 3677 Gelli
923 3641 1057 3697 recepere
1088 3621 1119 3677 in
1149 3621 1253 3678 intima
1284 3623 1385 3681 linium
1415 3636 1471 3691 ut

321 3720 372 3789 48
420 3727 522 3784 consul
545 3726 726 3784 Placentiam
754 3724 883 3800 legiones
911 3726 1001 3782 duxit.
1048 3725 1213 3801 Scipionem
1242 3727 1309 3798 alii,
1338 3728 1471 3786 coniuotlt

421 3830 549 3888 exercitu
560 3849 625 3886 cum
637 3829 758 3903 collega,
772 3847 825 3904 per
837 3829 977 3887 Boiorum
989 3831 1187 3905 Ligurumque
1202 3849 1291 3905 egros
1302 3833 1471 3909 populant·

420 3935 487 4005 isse,
510 3935 609 4008 quoad
630 3933 768 4009 progredi
782 3933 863 3990 silvae
876 3934 1056 4008 paludesque
1070 3953 1164 4010 passae
1182 3935 1248 4006 sint,
1269 3937 1410 4009 scribunt,
1428 3932 1475 4003 ab,

419 4040 500 4096 nulla
521 4038 702 4096 memorabili
722 4048 806 4112 gesta
825 4057 876 4108 re,
896 4040 1022 4097 Romam
1045 4040 1227 4097 comitiorum
1248 4059 1341 4099 causa
1361 4041 1475 4101 redtsa

388 4146 407 4200 2
504 4142 1475 4217 EodemhocannoT.QuinctiusElateae,quoinhibernmdnxmt

419 4251 529 4325 copias,
542 4258 633 4306 totum
649 4249 751 4304 hiemis
764 4258 878 4322 tempus
889 4248 952 4335 iure
963 4248 1087 4305 dicundo
1099 4251 1278 4325 consumpsit
1286 4253 1478 4326 mumdum·
