3484 5025
579 526 658 575 Liber
674 526 774 579 XXXI.
811 525 921 589 (Ascla
937 528 1010 589 200.)
1246 532 1283 588 39

257 709 377 765 honoris
398 727 493 765 eausa
507 709 640 766 instituta
659 720 763 780 essent,
785 711 884 767 omnia
905 710 1142 785 profanarentur3
1166 713 1232 770 loca
1255 719 1358 787 quo-5

258 833 327 887 que,
367 814 398 870 in
432 814 539 887 quibus
573 814 698 888 positum
733 814 843 888 aliquid
877 816 1083 890 inscriptumve
1116 818 1235 874 honoris
1266 819 1327 875 eiua

258 938 347 975 cansa
369 907 489 989 suisset,
511 919 693 976 detestabilia
715 937 795 989 esse,
823 939 917 994 neque
938 921 967 975 in
990 919 1024 976 iis
1047 922 1202 996 quicquam
1225 934 1328 998 postea

258 1024 325 1097 poni
348 1022 540 1099 dedicarique
558 1025 673 1099 placere
694 1044 810 1095 eorum,
835 1025 950 1099 quaein
973 1025 1038 1081 loco
1061 1046 1134 1101 puro
1156 1028 1226 1102 poni
1247 1028 1327 1084 dedi·

259 1129 377 1203 carique
391 1128 442 1188 fas
457 1138 548 1198 esset3
567 1130 731 1187 sacerdotes
746 1130 888 1204 publicos,
908 1131 1135 1205 quotiescunque
1149 1151 1203 1206 pro
1219 1130 1359 1207 populob
1431 1117 1434 1121 Δ

260 1233 432 1291 Atheniensi
446 1234 600 1309 sociisque,
623 1234 795 1291 exercitibus
816 1246 846 1291 et
860 1237 1001 1294 classibus
1016 1256 1115 1293 sorum
1132 1247 1328 1311 precarentur,

260 1339 342 1396 toties
353 1339 497 1396 detestari
506 1349 597 1414 atque
607 1340 753 1397 exsecrari
760 1340 937 1415 Philippum,
948 1342 1054 1398 liberos
1067 1342 1128 1398 eius
1140 1361 1328 1417 regnumque,

260 1455 410 1501 terrestres
425 1444 604 1517 navalesque
616 1444 724 1518 copias,
739 1446 933 1504 Macedonum
950 1465 1041 1521 genus
1056 1467 1140 1504 omne
1155 1466 1326 1522 nomenque.

261 1550 400 1607 Additum
419 1548 547 1618 decreto,
565 1549 590 1605 si
607 1548 672 1622 quis
689 1550 757 1622 quid
777 1560 889 1625 postea,
908 1553 985 1626 qnod
1005 1553 1158 1611 adnutum
1175 1552 1357 1629 ignomin-7

262 1673 364 1729 amque
373 1653 506 1728 Philippi
517 1653 681 1727 pertineret,
699 1652 796 1723 ferret,
817 1654 846 1711 id
866 1676 950 1714 omne
967 1657 1105 1733 populum
1120 1659 1326 1716 Atheniensem

262 1760 420 1829 iussurum3
441 1761 468 1816 si
490 1759 554 1833 quis
571 1769 672 1815 contra
690 1760 879 1834 ignominiam
897 1779 988 1835 prove
1004 1761 1114 1817 honore
1132 1761 1191 1818 eius
1209 1760 1359 1818 dixisset8

263 1865 422 1935 fechsetve,
437 1864 489 1938 qui
500 1864 652 1921 occidisset
663 1883 739 1933 eum,
754 1864 816 1922 iure
829 1883 979 1924 casurum.
1014 1868 1167 1923 Postremo
1179 1865 1329 1935 inclusum,

263 1978 290 2027 ut
312 1970 428 2039 omnia,
460 1988 525 2043 quae
547 1969 685 2026 adversus
708 1969 908 2028 Pisistratidas
930 1965 1046 2030 decreta
1068 1972 1214 2046 quondam
1237 1983 1329 2040 erant,

265 2076 359 2133 eadem
383 2077 414 2133 in
437 2074 575 2149 Philippo
598 2054 791 2132 seruarentur.

340 2181 538 2239 Athenienses
561 2180 676 2254 quidem
697 2180 800 2237 litteris
820 2182 983 2255 verbisque,
1007 2182 1111 2254 quibus
1132 2180 1202 2237 solis
1222 2182 1359 2249 valent-,9

267 2288 363 2344 bellum
405 2286 546 2343 adversus
585 2286 752 2360 Philippum
787 2287 942 2360 gerebant3
991 2286 1329 2369 Attalus-Romanique,
1381 2279 1424 2348 45

267 2411 347 2465 quum
382 2390 510 2449 Piraeum
548 2392 641 2465 primo
676 2392 714 2447 ab
747 2392 906 2448 Hermione
935 2392 1089 2466 petissent,
1140 2408 1249 2465 paucos
1289 2391 1359 2446 ibit

268 2498 364 2556 morati
393 2496 457 2554 dies
479 2498 648 2572 oneratique
669 2517 751 2571 aeque
772 2496 935 2555 immodicis
966 2498 1003 2554 ad
1026 2499 1152 2554 honores
1174 2495 1329 2564 sociorum,

268 2616 346 2678 atque
367 2605 399 2661 in
420 2605 467 2661 ira
489 2603 628 2659 adversus
650 2603 762 2658 hostem
786 2602 916 2671 fuerant,
947 2602 1166 2683 Atheniensium
1198 2601 1330 2672 decretis,

268 2711 400 2785 navigant
420 2729 440 2766 a
458 2709 553 2767 Piraeo
569 2708 711 2764 Andrum.
758 2707 798 2763 Et
819 2726 908 2780 quum
930 2708 959 2764 in
977 2715 1072 2782 portu,
1095 2726 1178 2781 quem
1196 2705 1360 2765 Gaurion3

270 2823 376 2884 vocant,
397 2813 602 2881 constitissent,
624 2811 727 2881 missis,
750 2813 799 2886 qui
813 2822 957 2870 tentarent
976 2814 1188 2888 oppidanorum
1208 2813 1330 2882 animos,

220 2922 221 2943 ³
272 2919 290 2974 ti
304 2919 453 2976 voluntate
467 2919 582 2974 tradere
595 2918 695 2973 urbem
710 2936 797 2991 quam
813 2919 871 2974 vim
890 2918 1014 2993 experiri
1030 2919 1158 2988 mallent,
1175 2927 1330 2993 postquam
1344 2921 1362 2974 4

220 3024 225 3089 l
273 3025 395 3097 prasidio
416 3024 616 3098 regio-arcem
639 3023 728 3078 teneri
750 3041 803 3080 nec
824 3041 856 3080 se
878 3025 1030 3097 potestatis
1052 3043 1111 3081 suae
1134 3041 1198 3079 esse
1211 3042 1331 3098 respon·

220 3112 224 3163 l
274 3128 383 3200 debant,
413 3129 553 3204 expositis
581 3127 673 3202 copiis
700 3138 903 3203 apparatuque
925 3130 1003 3186 omni
1025 3130 1137 3186 urbium
1161 3147 1331 3204 oppugnan-

275 3233 381 3303 darum,
410 3235 533 3291 diversis
560 3234 692 3309 partibus
719 3252 772 3289 rex
801 3243 830 3289 et
853 3234 966 3308 legatus
988 3237 1139 3292 Romanus
1169 3235 1206 3290 ad
1231 3235 1331 3290 urbem

278 3340 394 3397 subeunt.
443 3340 515 3398 Plus
541 3340 690 3413 aliquanto
713 3338 835 3396 Graecos
850 3340 986 3396 Romana
1007 3358 1089 3396 arma
1111 3331 1252 3412 signaque
1273 3342 1361 3394 nonb

280 3453 332 3500 ante
352 3446 417 3502 visa
441 3445 588 3518 animique
610 3444 730 3500 militum
759 3456 819 3501 tam
842 3453 977 3519 prompte
998 3442 1210 3500 succedentium
1233 3459 1331 3498 muros

280 3557 404 3618 enuere3
424 3551 525 3624 itaque
546 3548 617 3624 fuga
637 3548 782 3623 extemplo
802 3549 832 3604 in
847 3566 944 3605 arcem
962 3547 1042 3631 facta
1062 3556 1119 3617 est;
1141 3548 1212 3603 urbe
1233 3548 1362 3605 hostesd

281 3656 356 3723 potiti.
376 3673 382 3679 ·
402 3657 443 3712 Et
464 3656 492 3711 in
515 3673 583 3711 arce
606 3673 694 3728 quum
715 3655 834 3711 biduum
852 3654 908 3710 loci
927 3673 959 3711 se
975 3653 1067 3727 magis
1084 3671 1170 3726 quam
1184 3671 1330 3708 armorum

284 3758 370 3817 fiducia
390 3762 564 3830 tenuissent,
588 3759 679 3815 'tertio
701 3761 747 3816 die
770 3759 861 3834 pacti,
893 3759 948 3833 ipsi
971 3757 1193 3832 praesidiumque
1214 3767 1246 3814 ut
1268 3776 1332 3815 cum

285 3861 383 3938 singulis
419 3865 598 3922 vestimentis
630 3864 748 3922 Delium
779 3865 900 3922 Boeotiae
931 3866 1199 3934 transveherentur,
1233 3865 1331 3921 urbem

288 3983 421 4045 treemque
442 3971 631 4028 tradiderunt.
679 3971 725 4027 Ea
747 3972 785 4026 ab
807 3971 948 4028 Romanis
970 3970 1031 4044 regi
1054 3971 1156 4026 Attalo
1184 3975 1362 4038 concessa;7

288 4076 393 4143 predam
427 4085 657 4148 ornamentaque
690 4075 769 4132 urbis
809 4075 865 4150 ipsi
898 4063 1064 4132 evexerunt.
1127 4074 1261 4145 Attalus,
1297 4093 1334 4129 ne

289 4172 410 4238 laeuam
439 4181 561 4237 haberet
588 4178 729 4249 insulam,
766 4191 795 4237 et
825 4179 1020 4237 Macedonum
1052 4179 1113 4236 fere
1146 4180 1279 4236 omnibus
1306 4190 1334 4234 et

291 4281 439 4350 quibusdam
463 4285 654 4356 Andriorum,
675 4294 707 4342 ut
729 4294 887 4354 manerent,
909 4285 1061 4360 persuasit.
1116 4285 1225 4368 Postea
1247 4293 1274 4340 at
1296 4285 1364 4342 abd
