3484 5025
469 511 507 567 80
734 504 812 555 Liber
831 503 945 556 xxxll.
982 502 1195 565 (Amabat.)
1228 541 1235 583 .'

427 703 554 768 tempus,
584 710 642 766 quo
663 692 777 766 legatos
802 689 917 745 mittere
939 690 1066 745 Romam
1089 687 1127 743 ad
1147 695 1281 743 senatum
1303 693 1417 761 possett
1440 693 1485 742 aut

426 797 460 853 iis
482 796 700 853 condicionibus
723 814 755 851 se
779 812 880 869 pacem
905 794 1125 868 impetraturum
1148 800 1215 860 aut,
1238 808 1427 865 quascunque
1445 808 1486 848 se·

397 899 511 957 duatus
534 900 660 957 dedisset
681 901 761 975 leges
783 900 874 974 pacis,
903 908 1099 973 accepturum.
1150 897 1186 953 Id
1215 896 1321 954 ceteris
1342 895 1487 970 haudque«

426 1025 513 1080 quam
535 1005 685 1081 placebat3
716 1024 769 1062 nec
796 1004 871 1060 enim
901 1004 980 1060 aliud
1012 1022 1099 1077 quam
1130 1020 1243 1058 moram
1272 1011 1302 1058 et
1327 1001 1515 1076 dihtionem·

396 1110 463 1167 bed
485 1110 663 1185 colligendas
687 1110 763 1167 vires
786 1110 892 1183 quaeri3
914 1108 1066 1180 Quinctius
1088 1126 1189 1165 verum
1211 1106 1241 1164 id
1264 1103 1508 1164 futurumfuina'

426 1216 530 1285 dicere,
565 1216 591 1271 si
619 1226 704 1273 aestas
732 1225 760 1272 et
786 1226 901 1289 tempus
924 1196 1025 1271 'rerum
1058 1214 1251 1289 gerendarum
1279 1220 1375 1280 esset3
1410 1228 1489 1282 nunc,

426 1322 520 1377 hieme
541 1321 677 1390 instante,
700 1320 772 1377 nihil
793 1319 888 1375 amitti
911 1320 980 1376 dato
1011 1319 1107 1394 spatio
1132 1318 1303 1398 adlegatos
1325 1316 1489 1388 mittendam

397 1427 494 1481 lnam
526 1444 621 1500 neque
642 1425 704 1481 sine
734 1424 907 1480 auctoritate
934 1432 1051 1481 senatus
1079 1432 1174 1481 ratum
1206 1423 1366 1497 quicquam
1396 1439 1489 1480 eom

426 1531 498 1602 fore,
524 1551 588 1605 quae
610 1550 675 1587 cum
696 1548 764 1603 rege
784 1529 840 1604 ipsi
862 1529 1050 1604 pepigissent,
1072 1540 1100 1585 et
1123 1529 1288 1604 explorari,
1324 1527 1396 1584 dum
1420 1525 1490 1584 balla

426 1636 621 1693 necessariam
645 1635 770 1709 quietem
791 1633 857 1709 ipsa
885 1634 977 1691 hiems
1000 1634 1099 1703 daret,
1136 1642 1254 1690 senatus
1291 1632 1489 1691 anctoritatem

396 1736 523 1814 8posse.
581 1741 617 1796 In
639 1741 714 1797 hanc
736 1739 908 1796 sententiam
932 1750 960 1796 et
982 1739 1069 1797 ceteri
1091 1739 1235 1795 sociorum
1258 1738 1407 1813 principes
1426 1755 1489 1794 coa·

427 1853 588 1911 cesseruut3
619 1844 796 1918 indutiisque
817 1844 893 1901 datis
915 1845 945 1901 in
967 1845 1040 1901 duos
1063 1862 1191 1913 menses,
1221 1854 1251 1901 et
1277 1842 1360 1919 ipsos
1383 1842 1490 1900 mitten

427 1947 555 2022 singulos
577 1948 690 2023 legatos
712 1949 750 2004 ad
772 1960 904 2006 senatum
928 1951 1124 2017 edocendum,
1154 1967 1191 2004 ne
1212 1947 1317 2006 fraude
1337 1948 1417 2023 regis
1445 1963 1490 2006 cce

397 2050 553 2127 dperetur,
575 2053 692 2127 placuit.
737 2054 880 2112 Additum
895 2055 1072 2112 indutiarum
1086 2062 1183 2129 pacto,
1202 2062 1235 2110 ut
1256 2053 1339 2129 regia
1360 2048 1491 2128 presidia

378 2160 412 2212 10
427 2158 557 2215 Phocide
579 2177 614 2215 ac
637 2160 761 2216 Locride
783 2160 929 2234 extemplo
952 2160 1170 2218 deducerentur.
1194 2160 1242 2234 ,Et
1262 2160 1326 2235 ipse
1342 2155 1489 2232 Quinctim
1506 2167 1533 2236 ·ξ

426 2283 490 2320 cum
513 2264 659 2320 sociorum
687 2265 791 2339 legatis
822 2264 1058 2340 Amynandrum,
1086 2268 1286 2336 Athamanum
1318 2282 1436 2340 regern,
1460 2269 1490 2318 nt

425 2370 550 2444 speciem
584 2369 722 2444 legationi
755 2370 909 2441 adiiceret,
943 2379 972 2426 et
1005 2369 1041 2441 Q.
1063 2372 1187 2429 Fabium
1220 2371 1333 2445 (uxoris
1368 2361 1489 2443 Quinctil

428 2475 537 2533 sororis
562 2473 637 2530 filius
661 2474 735 2550 erat)
758 2485 787 2532 et
810 2475 845 2549 Q.
867 2474 1004 2532 Fulvium
1027 2485 1055 2532 et
1077 2481 1156 2554 App.
1179 2476 1334 2536 Claudium
1361 2472 1446 2532 misit.
1485 2524 1488 2529 .

330 2574 374 2642 37
511 2581 553 2640 Ut
574 2590 691 2636 ventum
707 2582 832 2638 Romam
855 2583 1010 2656 est,2prius
1032 2583 1175 2640 sociorum
1200 2583 1289 2658 legati
1307 2600 1397 2656 quam
1417 2590 1488 2653 reg!

427 2684 518 2740 auditi
540 2694 616 2743 sunt.
659 2684 765 2742 Cetera
778 2705 877 2744 eorum
895 2689 988 2744 oratio
1005 2689 1142 2745 conviciis
1154 2689 1231 2764 regis
1242 2694 1418 2760 consumpta
1437 2690 1488 2751 ult
1512 2712 1524 2723 ·

396 2793 579 2848 2moverunt
590 2808 660 2846 vero
684 2791 811 2847 maxime
832 2802 965 2849 senatum
988 2794 1214 2850 demonstrando
1232 2793 1322 2850 maris
1336 2801 1487 2851 terramu-
1521 2784 1524 2789 ¹

396 2902 482 2969 :tque
505 2894 631 2968 regionis
654 2896 715 2952 eius
737 2896 833 2967 situm,
856 2907 888 2952 ut
910 2898 1042 2954 omnibus
1058 2906 1221 2972 appareret,
1241 2892 1488 2957 siDemetriedon
1519 2886 1522 2891 ’

426 3000 454 3055 in
477 3000 641 3069 Thessalia,
664 2998 832 3057 Chalcidem
854 3001 884 3057 in
907 3002 1030 3072 Euboea,
1060 3000 1230 3059 Corinthum
1252 3002 1283 3058 in
1305 2999 1424 3058 Achaia
1441 3010 1489 3057 m

396 3114 545 3174 tteneret,
567 3124 626 3161 non
647 3123 735 3181 posse
754 3105 876 3162 liberam
901 3105 1044 3164 Graeciam
1068 3126 1146 3177 esse,
1168 3117 1197 3164 et
1217 3107 1314 3182 ipsum
1326 3104 1490 3179 Philippum

427 3229 483 3266 non
508 3211 745 3268 contumeliosius
767 3230 855 3284 quam
878 3213 974 3269 verius
997 3214 1152 3288 compedes
1175 3231 1224 3270 eas
1249 3211 1375 3271 Graeciae
1396 3202 1488 3284 appd·

396 3315 496 3376 blare.
540 3316 645 3390 Legati
668 3316 771 3372 deinde
793 3316 869 3390 regis
892 3317 1063 3386 intromissi3
1092 3319 1196 3392 quibus
1223 3319 1387 3394 longiorem
1408 3328 1485 3371 exor-

426 3421 465 3476 sis
488 3421 648 3478 orationem
672 3421 767 3477 brevis
794 3422 1001 3496 interrogatio,
1029 3441 1198 3482 cessurusne
1228 3425 1264 3481 iis
1297 3423 1391 3481 tribus
1416 3414 1483 3477 urhi-

428 3527 480 3582 bus
503 3535 588 3596 esset,
611 3543 773 3583 sermonem
796 3526 912 3597 incidit,
941 3546 1029 3601 quum
1058 3530 1188 3588 mandati
1210 3531 1264 3587 sibi
1287 3530 1325 3587 de
1346 3528 1381 3585 iis
1401 3519 1480 3599 noch

427 3631 516 3686 natim
550 3641 692 3705 negarent
720 3631 884 3705 quicquam.
942 3631 991 3690 Sic
1024 3631 1133 3690 infecta
1159 3653 1232 3710 pace
1263 3635 1338 3710 regii
1370 3626 1479 3693 dimisn‘i

397 3737 564 3808 6Quinctio
585 3737 707 3793 liberum
730 3736 880 3793 arbitrium
901 3738 981 3812 pacis
1004 3757 1039 3794 ac
1060 3739 1128 3794 belli
1149 3740 1331 3814 permissum.
1390 3735 1478 3795 Cuia

427 3841 498 3898 satis
521 3842 666 3915 apparuit,
688 3861 747 3898 non
768 3843 875 3899 taedere
891 3841 959 3899 belli
980 3852 1122 3914 senatum,
1144 3843 1251 3919 etipse
1263 3844 1393 3903 victoriae
1406 3852 1476 3918 quan

427 3947 508 4021 pacis
529 3946 644 4004 avidior
665 3966 759 4020 neque
781 3947 957 4022 colloquium
985 3958 1089 4023 postea
1110 3950 1248 4025 Philippo
1280 3951 1374 4020 dedit,
1401 3958 1477 4021 neq*

427 4052 601 4127 legationem
624 4052 729 4123 aliam,
759 4071 846 4126 quem
877 4071 941 4126 quoe
963 4053 1041 4109 omni
1064 4053 1180 4113 Graecia
1209 4057 1311 4114 decedi
1340 4054 1485 4117 nuntiat&-

427 4157 620 4214 admissurum
643 4156 725 4212 dixit.
