3484 5025
621 521 698 570 muer
713 515 816 573 mr.
852 520 960 584 (hou.
974 523 1046 584 soc.)
1281 526 1314 580 21

305 704 406 779 paucis
427 713 546 762 evectus
566 706 596 761 in
617 706 727 763 medios
749 708 846 764 hostes
866 707 1011 781 ingentem
1033 725 1120 781 quum
1144 707 1203 763 suis
1218 707 1362 775 ardorem,

306 820 365 867 tum
387 829 529 885 pavorem
551 813 682 869 hostibus
705 813 811 870 iniecit.
866 812 1012 870 Plurimos
1044 831 1131 869 mann
1160 832 1213 870 sua
1235 813 1363 869 cominus
1380 819 1414 873 15

308 918 477 993 eminusque
504 918 674 976 vulneratos
706 918 928 993 compulsosque
956 919 985 975 in
1010 927 1123 991 portam
1145 927 1315 975 consecutus
1337 928 1364 974 st

309 1022 376 1097 ipse,
400 1043 492 1097 quum
515 1026 652 1082 maiorem
674 1017 712 1081 in'
726 1024 866 1098 augustiis
882 1024 1084 1099 trepidantium
1101 1024 1235 1081 edidisset
1249 1024 1365 1090 caedem,

309 1128 337 1185 in
356 1130 513 1187 temerario
535 1131 649 1205 incepto
671 1140 763 1187 tutum
786 1140 884 1186 tamon
904 1138 1049 1203 receptum
1072 1130 1190 1198 habuit,
1212 1129 1289 1203 quia,
1316 1128 1416 1202 quilii

306 1233 336 1290 'in
356 1235 485 1292 turribus
515 1247 606 1311 portae
635 1246 731 1304 erant,
763 1236 943 1292 sustinebant
970 1236 1043 1303 tela,
1075 1254 1112 1291 ne
1145 1235 1173 1293 in
1206 1235 1364 1311 permixtos

311 1341 439 1397 hostibus
473 1360 541 1398 suos
577 1341 757 1398 coniicerent.
825 1341 908 1397 Intra
941 1359 1038 1397 muros
1070 1340 1172 1398 deinde
1204 1340 1415 1402 tonantibus17

313 1446 411 1503 milites
424 1447 660 1516 Atheniensibus,
687 1447 848 1521 Philippus,
863 1447 946 1521 signo
961 1446 1089 1521 receptui
1110 1447 1188 1515 dato,
1210 1456 1306 1502 castra
1329 1446 1365 1502 ad

313 1550 495 1627 Cynosarges
523 1552 671 1626 (templum
697 1552 830 1609 Herculis
859 1553 1098 1627 gymnasiumque
1131 1564 1157 1608 et
1190 1551 1271 1608 lucus
1304 1560 1366 1608 erat

313 1658 520 1731 circumiectus)
542 1658 647 1731 posuit.
707 1658 764 1715 Sed
784 1667 813 1713 et
828 1656 1011 1733 Cynosarges
1036 1668 1063 1713 et
1088 1658 1213 1733 Lyceum
1237 1666 1264 1714 et
1287 1657 1365 1731 quic·
1382 1664 1416 1720 18

313 1764 375 1838 qnid
398 1765 494 1820 sancti
516 1765 658 1822 amoenive
678 1764 755 1821 circa
770 1765 868 1820 urbem
886 1775 956 1832 erat,
978 1765 1124 1820 incensum
1141 1776 1193 1831 est,
1214 1766 1366 1838 dirutaque

311 1888 364 1926 non
387 1880 465 1927 tecta
488 1870 592 1936 solum,
613 1871 663 1926 sed
685 1871 771 1927 etiam
794 1869 935 1943 sepulcra,
957 1870 1109 1926 necdivini
1127 1870 1282 1926 humanive
1297 1870 1366 1926 iuris
1447 1863 1450 1872 ⁴

312 1976 465 2051 quicquam
488 1994 548 2051 prta
569 1975 718 2049 impotenti
742 1976 787 2033 ira
808 1987 852 2031 est
873 1986 1027 2034 servatum.

391 2084 518 2139 Postero
539 2081 586 2135 die
608 2100 695 2154 quum
723 2082 816 2156 primo
844 2082 948 2137 clausae
978 2079 1098 2136 fuissent
1127 2091 1232 2153 portae,
1265 2080 1367 2136 deinde
1415 2076 1459 2145 25

314 2188 404 2243 subito
434 2196 560 2261 apertae,
591 2186 659 2259 quia
687 2189 850 2261 praesidium
875 2188 968 2245 Attali
991 2187 1028 2242 ab
1052 2186 1163 2259 AEgina
1184 2188 1366 2261 Romanique

317 2294 348 2351 ab
369 2294 468 2351 Piraeo
489 2292 669 2350 intraverant
691 2295 805 2362 urbem,
840 2306 936 2350 castra
958 2294 995 2349 ab
1020 2293 1090 2348 urbe
1117 2293 1213 2348 retulit
1234 2312 1285 2349 rex
1311 2294 1367 2349 tria

319 2396 400 2454 lame
423 2397 513 2454 millia
533 2416 680 2473 passuum.
738 2399 811 2455 Inde
833 2400 997 2456 Eleusinem
1019 2397 1165 2474 profectus
1187 2417 1238 2473 spe
1257 2399 1395 2473 impro·2

286 2255 306 2296 ἱ

320 2502 374 2560 viso
396 2502 496 2578 templi
520 2505 701 2580 castellique,
735 2506 813 2580 quod
843 2518 872 2562 et
900 2506 1030 2562 imminet
1051 2516 1079 2561 et
1100 2505 1305 2562 circumdatum
1324 2518 1367 2562 est

320 2610 433 2685 templo,
473 2611 622 2684 capiendi,
661 2630 748 2686 quum
784 2613 1010 2686 haudquaquam
1043 2612 1188 2686 neglectas
1221 2613 1366 2669 custodias

275 2782 276 2789 ἵ
323 2715 563 2772 animadvertisset
590 2725 618 2772 et
649 2717 770 2773 classem
793 2738 811 2775 a
834 2719 929 2776 Piraeo
957 2719 1085 2775 subsidio
1112 2720 1226 2786 venire,
1259 2719 1366 2776 omisso

325 2819 425 2896 incepto
447 2823 571 2897 Megara
592 2840 627 2879 ac
648 2824 778 2898 protinus
803 2822 972 2880 Corinthum
995 2825 1089 2894 ducit3
1117 2835 1144 2880 et
1167 2843 1254 2897 quum
1277 2825 1366 2900 Argis

328 2927 486 2985 Achaeorum
509 2928 660 2984 concilium
682 2940 746 2985 esse
767 2930 903 3000 audisset,
924 2931 1138 3005 inopinantibus
1159 2930 1277 2988 Achaeis
1298 2949 1366 2987 eon·

330 3031 387 3088 tioni
403 3034 459 3109 ipsi
482 3035 657 3108 supervenit.
706 3033 916 3091 Consultabant
938 3036 973 3093 de
995 3036 1070 3092 bello
1092 3017 1230 3092 adversus
1248 3036 1395 3106 Nabim,3

275 3139 278 3152 '
332 3144 464 3210 tyrannum
489 3141 792 3207 Lacedaemoniorum,
815 3141 873 3215 qui,
901 3142 1006 3197 tralato
1035 3141 1155 3216 imperio
1178 3161 1196 3198 a
1216 3142 1366 3216 Philopoe-

334 3257 398 3301 tuene
418 3247 454 3302 ad
476 3245 660 3322 Cycliadam,
689 3265 873 3320 nequaquam
905 3266 1004 3322 parem
1032 3247 1073 3304 illi
1104 3249 1222 3314 ducem,
1254 3247 1368 3320 dilapsa

334 3363 430 3408 omens
449 3354 624 3409 Achaeorum
652 3352 774 3420 auxilia,
806 3353 1055 3427 redintegraverat
1085 3353 1190 3409 bellum
1223 3371 1368 3427 agrosque

335 3451 495 3514 finitimorum
526 3458 662 3513 vastabat-
694 3469 722 3514 et
752 3459 809 3514 iam
840 3460 959 3516 urbibus
989 3478 1104 3533 quoque
1134 3470 1196 3515 erat
1223 3459 1366 3515 terribilis

274 3557 285 3569 ”
337 3558 464 3620 Adversus
485 3565 562 3620 hunc
593 3564 704 3619 hostem
739 3583 836 3638 quum,
870 3576 1007 3639 quantum
1040 3583 1076 3626 ex
1106 3582 1222 3639 quaque
1251 3564 1398 3622 civitate4

337 3662 434 3723 militum
456 3669 638 3737 scriberetur,
660 3670 871 3735 consultarent,
896 3671 1047 3745 Philippus
1070 3670 1250 3745 dempturum
1273 3689 1304 3726 se
1326 3672 1367 3728 eis

338 3782 424 3843 turam,
444 3776 522 3848 quod
546 3775 583 3830 ad
605 3775 712 3832 Nabim
736 3785 764 3831 et
785 3776 1021 3834 Lacedaemonios
1043 3776 1184 3846 attineret,
1214 3777 1367 3852 pollicitus,

279 3870 283 3879 ’
338 3887 378 3930 bec
393 3888 498 3936 tantum
520 3899 608 3955 agros
632 3881 776 3938 sociorum
798 3882 1033 3956 populationibus
1054 3883 1281 3957 prohibiturum,
1316 3883 1399 3940 sedb

338 3984 452 4042 tenorem
473 4005 587 4043 ornnem
613 3987 680 4043 belli
701 3987 730 4042 in
751 3988 844 4063 ipsam
861 3989 1046 4056 Laconicam,
1064 3989 1150 4043 ducto
1173 4007 1207 4044 eo
1223 3988 1366 4061 extemplo

275 4080 277 4088 ’
340 4089 457 4158 uentu,
495 4092 676 4152 tralaturum.
741 4095 813 4150 Haeo
849 4092 943 4149 oratio
983 4112 1071 4168 quum
1104 4094 1213 4168 ingenti
1248 4097 1400 4152 assensui

292 4250 294 4257 ,
339 4184 461 4252 hominum
483 4198 677 4272 acciperetur,
716 4200 782 4268 „Ita
813 4209 910 4256 tamen
937 4217 1050 4273 aequum
1078 4203 1140 4254 est“
1163 4200 1273 4279 inquit2
1304 4216 1369 4265 „me

339 4305 417 4354 restra
435 4303 503 4359 meis
526 4303 616 4359 armis
637 4303 741 4371 tutari,
772 4322 895 4360 nemea
917 4304 1029 4362 interim
1055 4305 1197 4361 nudentur
1217 4303 1368 4378 praesidiis.
