3484 5025
497 509 502 535 ¹
588 512 1065 579 ntsnxxxtx.(s.cns1a⁴.)
1226 492 1310 572 'tna

293 710 393 762 lamen
413 708 443 757 et
461 700 580 757 libidine
603 710 632 774 et
653 699 828 768 crudelitate,
857 700 981 775 peragit.
1029 700 1185 758 Placentiae
1210 699 1384 758 famosam2

293 806 462 877 mulierem,
494 806 575 862 cuius
598 825 698 863 amore
730 805 888 880 deperiret,
922 806 953 862 in
986 807 1150 864 convivium
1187 806 1353 863 arcessitam

293 912 405 972 scribit.
449 911 494 969 lbi
514 912 668 969 iactantem
690 930 754 967 sese
775 923 870 968 scorto
895 913 969 969 inter
990 925 1087 971 cetera
1106 913 1247 984 retulisse,
1269 931 1355 986 quam
1390 976 1394 992 Ι
1429 939 1432 943 Δ

294 1018 404 1076 acriter
424 1018 595 1093 quaestiones
619 1018 792 1075 exercuisset
814 1032 843 1075 et
865 1038 951 1093 quam
975 1014 1080 1088 mdltos
1102 1019 1204 1094 capitis
1234 1019 1374 1074 damna·‘

294 1134 343 1182 tos
376 1125 406 1181 in
434 1124 553 1180 vinculis
575 1124 704 1192 haberet,
729 1142 803 1198 quos
824 1125 918 1181 securi
939 1143 1128 1199 percussurus
1150 1135 1232 1183 esset.
1280 1111 1387 1180 Tum3

295 1230 376 1287 illam
404 1227 479 1286 infra
504 1248 576 1286 eum
603 1232 791 1287 accubantem
821 1249 943 1305 negasse
973 1249 1098 1305 unquam
1129 1231 1236 1287 vidisse
1258 1250 1356 1305 qnem-

298 1355 386 1411 quarn
410 1334 502 1392 securi
523 1334 688 1405 ferientem,
718 1348 747 1393 et
767 1338 895 1412 pervelle
917 1339 945 1395 id
967 1337 1073 1395 videre.
1123 1337 1181 1394 llic
1210 1337 1357 1412 indulgen·
1411 1347 1416 1364 ³

297 1452 356 1499 tem
388 1452 546 1499 amator-em
578 1462 664 1499 unum
690 1462 726 1499 ex
754 1442 809 1500 illis
844 1444 955 1500 miseris
986 1444 1092 1500 attrahi
1123 1443 1232 1501 iussum
1265 1442 1358 1499 securi

295 1551 487 1629 percussisse.
529 1549 666 1616 Facinus,
688 1549 749 1606 sive
773 1569 809 1606 eo
831 1550 928 1615 modo,
952 1570 1010 1624 qno
1026 1545 1129 1627 censor
1151 1548 1265 1618 obiecit,
1288 1546 1388 1619 sive,4

297 1670 331 1718 nt
353 1658 489 1714 Valerius
509 1655 615 1724 tradit,
634 1656 817 1711 commissum
841 1669 898 1726 est,
921 1676 1028 1713 saevnm
1051 1668 1139 1730 atque
1162 1666 1262 1725 atrox,
1285 1654 1359 1710 inter

296 1763 406 1840 pocula
428 1777 516 1838 atque
537 1761 653 1835 epulas,
675 1760 724 1817 ubi
745 1761 837 1818 libare
864 1763 918 1819 diis
940 1764 1045 1837 dapes,
1074 1762 1124 1820 ubi
1148 1753 1225 1818 bene
1246 1760 1358 1836 precari

298 1889 365 1930 mos
387 1880 478 1939 esset,
509 1868 547 1925 ad
569 1867 763 1942 spectaculum
795 1860 887 1925 scorti
913 1870 1060 1944 procacis,
1090 1869 1120 1925 in
1147 1854 1211 1923 sinu
1234 1866 1357 1923 consulis

297 1975 475 2051 recubantis,
501 1986 656 2031 mactatam
679 1974 834 2031 humanam
850 1975 996 2044 victimam
1021 1983 1134 2043 esseet
1156 1992 1257 2031 cruore
1279 1992 1357 2028 men·

255 2053 258 2068 Ι
298 2099 363 2138 amn
386 2099 554 2156 respersam.
599 2081 634 2137 In
651 2093 781 2137 extrema
797 2082 927 2137 oratione
944 2080 1062 2137 Catonis
1079 2079 1208 2138 condicio
1225 2079 1388 2151 Quincti05

249 2247 250 2251 ,
297 2186 409 2255 fertur,
443 2197 491 2258 ut,
523 2187 547 2243 si
578 2187 607 2244 id
637 2186 745 2244 factum
773 2200 893 2262 negaret
915 2197 1082 2261 ceteraque,
1112 2205 1176 2259 qnae
1199 2185 1358 2254 obiecisset,

299 2292 457 2369 sponsione
492 2291 659 2349 defenderet
694 2310 771 2361 sese;
810 2294 854 2349 sin
891 2291 1039 2359 fateretur,
1076 2292 1271 2367 ignominiane
1306 2308 1360 2346 sua

301 2418 477 2474 quemqnam
513 2398 666 2454 doliturum
699 2409 842 2463 censeret,
875 2416 962 2471 quum
994 2398 1056 2472 ipse
1088 2398 1157 2454 vino
1190 2407 1219 2453 et
1244 2397 1360 2453 Venere

300 2524 402 2563 amens
423 2504 563 2578 sangnine
583 2504 706 2561 hominis
727 2502 756 2560 in
779 2504 912 2561 convivio
932 2502 1070 2561 lusisset?

385 2612 420 2668 ln
450 2610 579 2684 equitatu
600 2611 834 2684 recognoscendo
862 2612 897 2670 L.
921 2609 1049 2684 Scipioni
1078 2609 1219 2685 Asiageni
1242 2609 1361 2682 ademp-.
1412 2604 1455 2675 44

275 2716 348 2775 'tus
377 2735 477 2791 equus.
525 2717 560 2772 ln
586 2717 720 2772 censibus
741 2706 865 2789 vquoque
896 2717 1071 2791 accipiendis
1097 2716 1185 2773 tristis
1207 2727 1234 2772 et
1256 2734 1360 2790 aspera

299 2825 333 2880 in
347 2842 447 2879 omnes
463 2822 577 2879 ordines
592 2841 713 2878 censura
727 2819 791 2878 fuit.
827 2820 1007 2880 Ornamenta
1024 2834 1053 2878 et
1067 2834 1175 2879 vestem
1193 2821 1360 2878 muliebrem
1373 2826 1390 2880 2

302 2939 332 2986 et
352 2929 501 2997 vehicula,
526 2947 589 3002 qnae
614 2929 704 3003 pluris
726 2947 812 3001 quam
836 2927 998 3001 quindecim
1023 2928 1142 2985 millium
1165 2929 1229 2984 aeris
1256 2938 1359 3000 essent,
1381 2935 1384 2940 '

301 3035 391 3091 decies
407 3035 500 3108 pluria
520 3035 549 3090 in
571 3054 687 3107 censum
709 3033 817 3091 referre
839 3034 982 3101 iuratores
1003 3034 1088 3103 iussi3
1121 3035 1189 3092 item
1205 3028 1390 3110 ‘mancipiass

301 3140 417 3196 minora
431 3137 639 3210 annisviginti,
662 3156 726 3210 quae
748 3149 814 3212 post
828 3139 992 3212 proximum
1011 3140 1130 3196 lustrum
1155 3142 1254 3198 decem
1277 3142 1360 3198 milli·

302 3246 357 3302 bns
379 3246 515 3301 aerisaut
536 3243 624 3317 pluris
646 3263 681 3299 eo
703 3244 863 3311 venissent,
893 3243 933 3300 uti
962 3264 998 3300 ea
1026 3264 1141 3319 qnoque
1164 3246 1259 3302 decies
1280 3258 1361 3302 tanto

302 3349 409 3426 pluris,
437 3369 523 3424 quam
548 3349 647 3422 quanti
670 3361 773 3420 essent,
802 3351 1021 3420 aestimarentur,
1043 3362 1070 3406 et
1092 3352 1137 3407 his
1159 3353 1245 3408 rebus
1270 3352 1362 3407 omni-

303 3457 358 3513 bus
379 3457 452 3513 terni
470 3457 504 3512 in
522 3455 611 3511 millia
632 3455 697 3511 aeris
719 3457 950 3516 attribuerentur.
989 3457 1108 3530 Aquam
1133 3457 1276 3531 publicam
1300 3463 1392 3514 om·4

300 3566 370 3620 nem
391 3562 420 3619 in
441 3563 584 3636 privatum
607 3561 756 3617 aedificinm
779 3573 829 3618 aut
851 3551 1111 3636 agrum'fluentem
1135 3564 1303 3620 ademerunt
1325 3575 1361 3634 et,
1394 3620 1396 3623 .

305 3687 370 3742 quae
391 3667 420 3725 in
441 3667 507 3724 loca
529 3667 644 3740 publica
667 3667 838 3724 inaedificata
864 3667 1042 3724 immolitave
1072 3668 1178 3743 privati
1206 3669 1362 3737 habebant,

303 3774 382 3831 intra
409 3773 470 3830 dies
500 3772 617 3846 triginta
644 3772 773 3829 demoliti
801 3783 877 3833 sunt.
913 3772 1025 3848 ¹Opera
1047 3773 1149 3830 deinde
1171 3774 1303 3831 facienda
1325 3779 1391 3830 ex5

256 3938 258 3942 ,
304 3878 422 3936 decreta
451 3879 480 3933 in
510 3864 573 3932 eain
609 3895 669 3933 rem
692 3878 828 3952 pecunia,
859 3879 939 3934 lacus
960 3880 1129 3936 sternendos
1150 3881 1245 3956 lapide
1267 3880 1361 3936 deter-

290 3985 487 4061 .gendasqne,
515 4001 574 4056 qua
595 4001 668 4056 opus
690 3995 778 4053 esset,
805 3984 936 4052 cloacas,
965 3985 1165 4057 in'Aventino
1197 3994 1225 4041 et
1246 3985 1276 4041 in
1298 3977 1361 4040 aliis

302 4092 446 4167 partibus,
475 4107 532 4162 qua
552 4089 679 4152 nondum
708 4101 804 4155 erant,
832 4089 981 4147 faciendas
1003 4089 1190 4160 locaverunt3
1226 4101 1255 4146 et
1276 4094 1391 4164 sapa-6

304 4197 391 4255 ratim
414 4195 537 4252 Flaccus
567 4195 670 4251 molem
706 4195 744 4251 ad
775 4195 939 4269 Neptunias
966 4213 1072 4269 aquas,
1104 4206 1136 4252 nt
1169 4195 1224 4251 iter
1254 4195 1361 4270 populo

305 4312 398 4372 esset,
420 4310 449 4356 et
470 4299 547 4357 viam
569 4319 622 4376 per
641 4299 830 4358 Formianum
852 4312 990 4372 montem,
1013 4299 1087 4368 Cato
1112 4302 1187 4358 atria
1201 4301 1269 4370 duo,
1292 4302 1392 4360 nte-7

988 4391 996 4418 l
