3484 5025
474 1730 479 1744 ’
521 1731 674 1821 Liber
708 1742 924 1822 XXXIX.

666 1973 774 1989 Ι--

266 2132 375 2202 nhaec‚
399 2131 423 2190 si
448 2133 540 2201 modo,
556 2136 613 2192 hoc
633 2153 710 2193 anno
733 2145 800 2194 acta
819 2143 895 2203 sunt,
919 2135 1020 2191 Rornae
1034 2143 1169 2209 aguntur,
1187 2153 1255 2192 con·
1277 2144 1279 2148 ⁴
1333 2131 1349 2203 l
1372 2119 1378 2144 ³

266 2257 272 2293 ι
304 2238 392 2295 ambo
425 2238 456 2295 in
488 2240 643 2314 Liguribus
675 2243 815 2319 gerebant
847 2236 963 2299 bellum.
1014 2241 1044 2296 Is
1065 2239 1156 2297 hostis
1177 2239 1287 2303 velut2

266 2362 281 2400 s
315 2345 354 2400 ed
386 2345 587 2404 continendam
619 2348 694 2405 inter
727 2366 898 2423 magnorum
930 2344 1083 2403 intervalla
1115 2344 1256 2403 bellorum

266 2451 337 2507 ranis
359 2450 510 2508 militarem
533 2452 712 2529 disciplinam
736 2464 807 2523 erat,
825 2472 878 2513 nec
899 2452 957 2511 alie
972 2450 1122 2528 provincia
1137 2451 1254 2511 militem

267 2557 290 2614 is
312 2558 350 2614 ad
372 2558 506 2615 virtutem
529 2562 661 2617 acuebat.
703 2561 783 2617 Nam
804 2559 879 2617 Asia
901 2568 931 2616 et
951 2559 1117 2616 amoenitate
1140 2559 1285 2630 urbiuma

266 2663 331 2737 opia
354 2664 529 2721 terrestrium
546 2665 814 2740 maritimarumque
826 2685 923 2725 rerum
938 2675 967 2722 et
988 2665 1109 2724 mollitia
1130 2665 1255 2723 hostium
1346 2715 1347 2719 ,
1420 2714 1426 2730 .

266 2769 341 2843 'sque
375 2769 479 2844 opibus
509 2769 626 2828 ditiores
659 2792 745 2847 quam
777 2771 914 2833 fortiores
946 2772 1088 2831 exercitus
1119 2770 1257 2828 faciebat

266 2873 346 2949 cipue
368 2876 422 2932 sub
443 2876 565 2950 imperio
586 2875 640 2935 Cn.
663 2881 766 2939 Manlii
794 2880 888 2937 solute
910 2897 945 2936 ac
966 2878 1144 2954 negligenter
1164 2875 1287 2944 habiti4
1368 2946 1371 2959 ι

269 2998 276 3048 ;
306 2980 406 3054 itaque
438 2982 568 3057 asperius
599 2982 688 3060 paulo
720 2982 775 3039 iter
806 2985 836 3042 in
865 2984 994 3042 Thracia
1021 2993 1050 3040 et
1070 2982 1256 3041 exercitatior

266 3086 287 3142 is
308 3105 416 3161 magua
437 3087 518 3145 clade
540 3108 590 3147 eos
611 3089 773 3165 castigavit.
809 3091 844 3147 In
866 3090 1022 3166 Liguribus
1044 3088 1143 3146 omnia
1164 3098 1286 3160 erant,5

282 3193 401 3248 militem
423 3195 592 3265 excitarent,
613 3196 678 3252 loca
699 3205 838 3254 montena
859 3205 889 3253 et
909 3215 1024 3271 aspera,
1048 3212 1113 3268 quea
1135 3195 1254 3270 stipsis

267 3318 300 3356 re
320 3299 405 3356 labor
425 3308 488 3356 erat
510 3309 539 3357 et
558 3320 595 3358 ex
618 3301 827 3376 praeoccupatis
850 3291 980 3359 deiicere'
993 3302 1117 3371 hostem,
1149 3301 1255 3360 itinera

268 3425 295 3476 a,
313 3413 454 3480 augusta,
474 3405 581 3464 infesta
601 3407 721 3476 insidiis,
742 3407 834 3465 hostis
856 3407 929 3465 levis
951 3417 979 3464 et
1000 3406 1086 3465 velox
1109 3416 1138 3464 et
1151 3421 1285 3484 repen-6
1327 3443 1330 3454 ·

266 3530 279 3581 ι,
308 3510 358 3584 qui
379 3511 487 3567 nullum
510 3530 632 3587 usquam
654 3522 777 3588 tempus,
807 3514 917 3571 nullum
939 3514 1034 3571 locum
1056 3512 1184 3586 quietum
1204 3523 1255 3572 aut

266 3636 325 3673 rum
349 3633 411 3672 esse
433 3617 548 3688 sineret,
569 3619 747 3694 oppugnatio
768 3621 933 3678 necessaria
954 3619 1127 3677 munitorum
1150 3621 1254 3687 castel·

266 3743 297 3793 n,
319 3722 468 3780 laboriosa
489 3724 574 3781 simul
596 3706 823 3800 periculosaque,
851 3723 935 3797 inops
956 3724 1047 3798 regio,
1071 3744 1136 3799 quse
1160 3725 1253 3802 parsi·

266 3831 292 3886 ia
325 3828 517 3903 adstringeret
549 3830 668 3902 milites,
704 3831 808 3907 praedae
840 3830 917 3887 hand
949 3830 1070 3888 multum
1103 3833 1252 3907 praeberet.

266 3954 298 3992 re
331 3954 389 3991 non
421 3935 482 3992 lixa
509 3938 699 4011 sequebatur,
730 3956 789 3994 non
820 3936 1012 3994 iumentorum
1047 3936 1151 4012 longus
1180 3938 1283 4004 ordo?

266 4060 298 4098 en
320 4042 510 4110 extendebat3
542 4043 613 4099 nihil
644 4051 747 4118 praetcr
779 4061 862 4100 arma
888 4053 918 4100 et
936 4043 1015 4101 viros
1035 4062 1149 4101 omnem
1171 4062 1251 4119 spem

266 4146 343 4205 ‚rmis
374 4148 514 4206 habentes
541 4158 613 4208 erat.
659 4150 723 4207 Nec
754 4149 853 4206 deerat
884 4167 1012 4225 unquam
1044 4167 1109 4207 cum
1139 4151 1175 4208 iis
1205 4153 1283 4218 velss

266 4253 314 4311 ria
346 4253 414 4311 belli
445 4255 493 4312 vel
524 4273 631 4327 cause,
668 4256 737 4331 quia
766 4263 887 4332 propter
913 4255 1101 4315 domesticam
1123 4256 1252 4333 inopiam
