3484 5025
462 472 552 545 222'
755 482 907 535 Liserxu.
944 481 1147 546 (hauan.)

419 670 633 745 speculatorum
649 657 771 726 ¹tucrum
804 670 920 744 plenam
947 667 1064 723 domum
1090 666 1182 727 fuisse
1208 685 1323 737 meam,
1358 677 1406 724 aut
1423 668 1476 725 illos

304 769 311 786 ⁸
389 776 461 838 rita
483 786 582 851 aperte
604 775 762 850 sumpsisse
783 773 909 843 ferrum,
932 782 963 829 ut
985 790 1086 829 omnes
1101 760 1254 831 viderent.
1304 773 1345 830 Et
1367 775 1476 848 nequid

418 882 481 956 ipsc
503 890 554 938 aut
574 882 655 956 prius
677 880 829 954 inquisisse
851 888 902 936 aut
923 897 998 935 nunc
1020 879 1177 935 criminose
1195 879 1398 953 argumentari
1411 879 1473 939 vide·

417 997 506 1056 retur,
529 997 557 1043 te
580 1004 709 1060 quaerere
731 1004 768 1042 ex
786 985 831 1052 iis,
854 1003 928 1058 quos
951 984 1140 1053 nominasset,
1163 984 1299 1053 iubebat,
1325 1002 1363 1041 an
1384 984 1472 1044 ferrum

416 1094 594 1162 habuissent,
616 1101 648 1149 ut
669 1100 808 1163 tanquam
831 1089 861 1146 in
883 1110 916 1147 re
938 1090 1035 1170 dubia,
1058 1108 1147 1164 quum
1169 1089 1202 1145 id
1225 1089 1391 1164 quaesisses,
1410 1093 1471 1165 quod

387 1196 472 1271 8ipsi
493 1195 635 1263 fatentur,
666 1214 719 1271 pro
750 1195 890 1252 convictis
911 1197 1095 1252 haberentur.
1140 1194 1220 1268 Quin
1254 1204 1286 1250 tu
1309 1196 1379 1254 illud
1400 1199 1470 1273 quari

416 1300 515 1370 iubes,
544 1320 612 1357 num
641 1302 682 1358 tui
710 1302 859 1358 occidendi
887 1318 976 1357 causa
997 1299 1105 1357 ferrum
1128 1302 1326 1376 sumpserint,
1356 1322 1418 1361 num
1435 1323 1470 1360 mc

417 1417 536 1463 auctore
557 1418 586 1462 et
607 1405 736 1462 sciente?
782 1408 849 1463 Hoc
876 1408 951 1464 enim
984 1407 1077 1464 videri
1102 1408 1164 1475 vis,
1196 1425 1258 1463 non
1289 1406 1376 1477 illud,
1408 1409 1468 1482 qnod

415 1511 543 1569 fatentur
571 1520 599 1568 et
631 1512 729 1587 palam
762 1522 814 1568 est.
872 1513 909 1570 Ei
942 1512 987 1568 sui
1021 1530 1052 1569 se
1078 1512 1178 1569 tuendi
1209 1530 1303 1569 causa
1333 1513 1467 1588 sumpsisse

385 1618 527 1688 9dicunt3
564 1627 642 1675 recte
670 1637 707 1674 an
732 1636 885 1693 perperam
913 1617 1048 1687 fecerint,
1081 1619 1137 1694 ipsi
1168 1618 1215 1676 sui
1243 1618 1317 1675 facti
1346 1620 1466 1677 rationem

415 1725 553 1793 reddent;
586 1744 680 1781 meam
708 1742 844 1793 causam,
878 1742 942 1797 quae
968 1723 1039 1780 nihil
1061 1742 1096 1780 eo
1118 1722 1199 1781 facto
1223 1724 1414 1799 contingitur,
1440 1744 1467 1781 nc

416 1830 577 1900 miscueris3
611 1840 662 1887 aut
682 1830 814 1905 explica,
844 1839 940 1886 utrum
973 1839 1072 1904 aperte
1099 1848 1136 1885 an
1165 1828 1243 1886 clam
1268 1839 1298 1887 te
1323 1830 1468 1905 aggressuri

365 1934 563 1993 ltlfuerimue.
616 1935 648 1994 si
670 1945 784 2010 aperte,
815 1955 866 1992 cur
887 1954 946 1991 non
968 1953 1067 1991 omnes
1089 1933 1198 1991 ferrum
1222 1934 1398 1992 habuimus?
1428 1954 1467 1992 cur

414 2060 500 2098 nemo
528 2050 634 2116 praeter
668 2059 735 2112 eos,
772 2041 822 2115 qui
851 2050 931 2097 tuum
960 2039 1169 2115 speculatorem
1198 2039 1408 2113 pulsaverunt?
1443 2040 1468 2099 Si

365 2151 397 2205 ll
414 2147 499 2218 clam,
531 2148 595 2221 quis
617 2147 690 2204 ordo
713 2147 824 2227 consilii
845 2145 920 2203 fuit?
964 2143 1107 2203 Convivia
1129 2145 1238 2216 soluto,
1268 2165 1359 2221 quum
1381 2146 1468 2204 cornh-

414 2261 495 2309 satcr
513 2271 568 2327 ego
591 2253 801 2321 discessissem,
834 2261 972 2326 quattuor
1001 2251 1211 2320 substitissent,
1246 2262 1280 2309 ut
1308 2253 1429 2327 sopitum
1447 2264 1470 2307 tc

413 2358 659 2433 aggrederentur?
719 2359 874 2431 Quomodo
911 2356 1080 2414 fefellissent
1115 2367 1143 2412 et
1177 2357 1266 2413 alieni
1305 2367 1334 2415 et
1370 2357 1422 2414 mei
1447 2366 1470 2412 et

413 2464 539 2520 maxime
561 2464 696 2538 suspecti,
719 2464 788 2538 quia
810 2465 897 2538 paulo
922 2474 987 2520 ante
1009 2464 1037 2520 in
1059 2462 1125 2519 rixa
1146 2461 1286 2520 fuerant?
1329 2464 1467 2537 Quomodo

412 2579 519 2638 autem,
548 2570 691 2625 trucidato
720 2581 756 2638 te,
784 2570 840 2643 ipsi
861 2569 977 2624 evasuri
999 2567 1133 2624 fuerunt?
1194 2570 1348 2641 Quattuor
1379 2569 1468 2644 gladiis

411 2676 514 2731 domus
539 2686 589 2730 tua
611 2675 676 2748 capi
698 2685 726 2729 ct
748 2674 910 2748 expugnari
938 2673 1050 2747 potuit?
1098 2674 1174 2746 Quin
1203 2684 1250 2744 tu,
1285 2677 1395 2731 omissa
1423 2676 1468 2731 ista

410 2790 552 2836 nocturna
567 2780 676 2847 fabula,
692 2780 728 2835 ad
748 2780 786 2844 id,
806 2779 885 2853 quod
897 2779 986 2847 doles,
999 2780 1077 2852 quod
1093 2779 1204 2836 invidia
1217 2781 1285 2850 urit,
1304 2778 1467 2838 reverteris?

379 2898 395 2951 2
412 2884 491 2952 „Cur
505 2903 628 2958 usquam
645 2879 756 2963 [regni]
773 2886 814 2940 tui
831 2886 937 2940 mentio
953 2886 993 2952 fit,
1005 2884 1157 2940 Demetri?
1191 2884 1467 2961 Curdigniorpatris

409 2988 532 3046 fortunae
553 3008 703 3048 successor
732 2991 904 3065 quibusdam
933 2990 1039 3046 videris
1063 3009 1150 3064 quam
1173 2990 1252 3064 ego?
1311 2991 1372 3049 Cur
1398 3009 1467 3066 spem

408 3114 512 3164 meam,
536 3116 609 3170 quae,
633 3098 657 3153 si
681 3108 710 3154 tu
732 3117 790 3153 non
813 3114 900 3165 esses,
930 3106 1009 3151 certa
1029 3106 1100 3165 erat,
1128 3096 1248 3153 dubiam
1273 3107 1304 3153 et
1326 3097 1466 3154 sollicitam

376 3201 520 3262 3facis?“
565 3205 637 3260 Haec
659 3204 745 3259 sentit
768 3204 905 3267 Perseus,
937 3201 988 3257 etsi
1018 3220 1077 3258 non
1101 3202 1184 3271 dicit;
1221 3203 1286 3258 haec
1314 3203 1400 3259 istum
1422 3202 1465 3258 ini·

406 3308 527 3378 micum,
556 3311 617 3366 haec
640 3319 837 3365 accusatorem
867 3306 990 3375 faciunt,
1017 3307 1079 3362 haec
1103 3307 1239 3375 domum,
1270 3308 1336 3364 haec
1356 3327 1464 3383 regnum

375 3415 485 3469 4tuum
510 3416 675 3472 criminibus
697 3423 724 3469 et
746 3413 958 3486 suspicionibus
982 3413 1102 3487 replent.
1145 3412 1212 3485 Ego
1236 3421 1352 3484 autem,
1384 3424 1464 3489 pater,

406 3521 651 3592 quemadmodum
679 3538 732 3575 nec
762 3537 837 3574 nunc
866 3537 984 3593 sperare
1011 3536 1131 3592 regnum
1159 3536 1213 3575 uec
1243 3520 1394 3594 ambigere
1421 3538 1463 3575 un·

385 3619 491 3697 ¹quam
516 3626 552 3680 de
574 3644 608 3680 ec
630 3602 754 3681 forsitan
776 3624 914 3694 debeam,
949 3624 1017 3698 quia
1046 3623 1141 3678 minor
1166 3641 1248 3692 sum,
1284 3626 1355 3698 quia
1376 3636 1405 3682 tu
1426 3643 1463 3680 mc

404 3730 506 3788 maiori
528 3731 638 3814 cedere,
654 3730 713 3795 vis,
744 3729 785 3785 sic
812 3729 883 3784 illud
911 3747 963 3784 nec
993 3728 1080 3784 debui
1102 3727 1200 3784 facere
1224 3749 1278 3785 nec
1303 3732 1409 3797 debeo,
1437 3739 1463 3786 ut

373 3834 536 3908 bindignus
559 3845 586 3891 te
612 3845 695 3909 patre
719 3830 882 3914 [indignus]
916 3835 1050 3896 omnibus
1073 3834 1188 3903 videar;
1224 3835 1253 3891 id
1287 3838 1364 3892 enim
1395 3834 1462 3891 vitiis

403 3940 492 4008 meis,
524 3958 582 3994 nou
605 3941 739 4008 cedendi,
772 3941 817 3997 cui
839 3941 884 3996 ius
906 3938 1011 4013 fasque
1044 3949 1096 4008 est,
1131 3940 1278 3996 modestia
1301 3959 1460 4015 consequar.

402 4046 551 4102 Romanos
574 4046 674 4102 obiicis
698 4047 767 4102 mihi
789 4055 817 4102 et
832 4065 877 4115 ea,
900 4065 964 4119 quae
979 4046 1079 4119 gloriae
1097 4064 1161 4102 esse
1177 4047 1296 4115 debent,
1319 4048 1350 4104 in
1365 4047 1460 4105 crimen

371 4151 498 4211 dvertis,
546 4152 612 4225 Ego
641 4171 694 4208 nec
724 4153 809 4208 obses
831 4151 971 4208 Romanis
996 4161 1027 4207 ut
1054 4130 1186 4209 traderer
1213 4172 1267 4210 nec
1301 4165 1335 4211 ut
1360 4156 1460 4228 legatus

401 4255 528 4311 mitterer
543 4258 676 4328 Romam,
692 4258 775 4332 petii3
799 4266 866 4313 ate
888 4257 993 4313 missus
1015 4257 1058 4315 ire
1077 4277 1135 4314 non
1157 4261 1305 4317 recusavi.
1338 4261 1459 4332 Utroque
