3484 5025
533 539 793 606 *aner-xxxvm
813 541 860 604 (a.
873 538 1015 603 omisa.)
1216 542 1273 598 raa

260 735 273 782 t
310 741 388 804 agro
419 727 566 785 donarunt
598 738 626 787 et
655 730 686 787 in
719 728 797 786 omni
828 728 974 804 praecipuo
1004 728 1115 783 honore
1143 726 1315 782 habuerunt.

260 831 476 894 'hbcaeeusibus
498 844 527 893 et
544 853 633 911 ager,
663 854 747 911 quem
771 844 837 892 ante
857 834 964 891 bellum
985 834 1161 901 habuerant,
1186 830 1316 887 redditus
1332 830 1367 888 tt

261 943 285 1008 u
307 947 341 995 ut
355 937 469 1014 legibus
484 939 610 1014 antiquis
628 949 784 1009 uterentur,
805 941 986 1016 permissum.
1023 936 1145 997 Rhodiis
1161 934 1316 1005 affirmata,
1331 939 1366 993 13

260 1043 410 1118 [predata
437 1045 535 1120 priore
561 1044 676 1104 decreto
704 1058 801 1117 erant3
832 1045 925 1123 Lycia
952 1057 980 1102 et
1004 1042 1092 1102 Caria
1121 1021 1197 1100 datae
1224 1051 1316 1117 usque

260 1147 287 1205 td
322 1149 507 1207 Maeandrum
548 1170 661 1210 amnem
697 1162 802 1228 praeter
834 1153 1025 1210 Telmessum.
1082 1149 1156 1224 Regi
1192 1148 1315 1205 Eumeni
1333 1153 1368 1206 14

261 1249 465 1314 lhersonesum
479 1257 510 1314 in
521 1258 642 1333 Europa
658 1267 686 1316 et
698 1258 922 1335 Lysimachiam,
944 1256 1071 1326 castella,
1092 1256 1183 1325 vicos,
1204 1272 1316 1329 agrurn,

261 1361 354 1436 tutinus
370 1363 477 1419 finibus
494 1372 627 1421 tenuerat
637 1364 810 1433 Antiochus,
830 1364 1008 1431 adiecerunt3
1029 1362 1058 1420 in
1071 1361 1146 1419 Asia
1157 1360 1316 1436 Phrygiam
1333 1364 1368 1417 lb

261 1475 405 1543 utramque
426 1468 559 1541 (alteram
579 1470 617 1526 ad
633 1469 864 1545 Hellespontum,
886 1468 1024 1525 maiorem
1048 1467 1168 1523 alteram
1190 1472 1316 1533 vocant),

261 1575 448 1652 amyntam,
480 1592 567 1648 quam
596 1575 702 1632 Prusia
730 1593 783 1631 rex
810 1574 974 1644 ademerat,
1006 1573 1032 1630 ei
1058 1572 1256 1637 restituerunt,
1288 1578 1316 1625 et
1332 1576 1388 1630 16.

262 1675 430 1755 Lycaoniam
454 1690 483 1739 et
501 1679 634 1755 Milyada
654 1690 683 1738 et
704 1681 826 1757 Lydiam
852 1690 881 1737 et
902 1678 1070 1735 nominatim
1094 1679 1180 1734 urbes
1200 1674 1316 1732 Tralles

265 1791 337 1861 atque
362 1788 515 1862 Ephesum
546 1795 574 1844 et
600 1783 793 1844 Telmessum.
847 1787 895 1843 De
921 1784 1097 1859 Pamphylia
1125 1782 1315 1856 disceptatum
1333 1788 1366 1843 17

261 1885 324 1966 luter
351 1893 513 1950 Eumenem
543 1902 573 1949 et
600 1893 739 1950 Antiochi
767 1894 880 1968 legatos
909 1910 997 1967 quum
1028 1898 1119 1960 esset,
1150 1888 1219 1963 quia
1248 1904 1316 1962 pare

261 1991 310 2054 dus
323 1998 409 2067 citra,
421 2016 491 2073 pars
501 1997 578 2055 ultra
589 1999 720 2055 Taurum
733 2009 784 2068 est,
799 1999 913 2074 integra
929 1998 966 2055 ad
983 2006 1113 2054 senatum
1126 2013 1171 2051 rea
1181 1993 1316 2051 reiicitur.

331 2103 389 2161 His
420 2101 579 2161 foederibus
612 2105 791 2180 decretisque
821 2105 912 2171 datis,
933 2103 1081 2171 ,Manlius
1116 2120 1179 2159 cum
1216 2100 1314 2156 decem
1368 2088 1411 2159 40

262 2208 352 2281 agatis
373 2209 513 2284 omnique
534 2210 662 2268 exercitu
691 2211 727 2267 ad
751 2210 971 2286 Hellespontum
998 2208 1160 2285 profectus,
1189 2206 1317 2263 evocatis

262 2325 279 2364 θ
294 2315 407 2389 regulis
419 2313 585 2385 Gallorum,
599 2317 688 2392 leges,
704 2316 807 2390 quibus
821 2335 923 2392 pacem
938 2335 1001 2372 cum
1015 2316 1146 2372 Eumene
1159 2324 1317 2382 servarent,

262 2412 329 2491 brit,
350 2419 542 2491 denuntiavit,
559 2430 591 2478 ut
607 2439 717 2477 morem
730 2423 856 2498 vagandi
867 2441 931 2480 cum
945 2421 1032 2479 armis
1042 2421 1155 2478 finirent
1167 2438 1316 2495 agrorum·
1330 2425 1346 2481 2

262 2538 302 2583 re
316 2544 438 2584 suorum
450 2526 579 2584 terminis
596 2546 628 2585 se
640 2529 826 2585 continerent.
870 2526 1033 2585 Contractis
1055 2527 1158 2583 deinde
1180 2546 1216 2583 ex
1237 2525 1345 2588 omnia

262 2643 298 2688 ἰ
316 2633 460 2703 navibus,
485 2643 514 2689 et
535 2633 674 2690 Eumenis
695 2635 782 2691 etiam
805 2634 897 2690 classe
918 2653 970 2709 per
991 2634 1174 2703 Athenaeum,
1196 2631 1313 2688 fratrem

262 2737 338 2811 agis,
367 2738 407 2795 ab
429 2739 511 2796 Elaea
538 2740 679 2814 adducta,
712 2741 811 2815 copias
839 2756 939 2796 omnes
966 2739 995 2796 in
1017 2741 1166 2816 Europam
1195 2738 1316 2795 traiecit.

263 2840 319 2900 ade
345 2860 401 2918 per
422 2841 636 2902 Chersonesum
663 2847 784 2903 modicis
808 2846 957 2902 itineribus
982 2864 1074 2921 grave
1097 2846 1197 2922 praeda
1222 2844 1344 2909 omnis4

263 2942 361 3006 &neria
389 2967 495 3024 agmen
524 2939 642 3008 trahens
667 2951 860 3027 Lysimachiae
889 2952 996 3008 stativa
1021 2952 1139 3022 habuit,
1168 2961 1200 3008 ut
1228 2971 1315 3026 quam

263 3055 375 3113 mxime
400 3056 568 3113 recentibus·
590 3067 618 3114 et
644 3057 763 3133 integris
790 3057 923 3114 iumentis
945 3058 1120 3129 Thraciam,
1148 3077 1202 3133 per
1228 3077 1315 3132 quam

263 3172 303 3219 er
328 3161 435 3239 vulgon
454 3162 628 3234 horrebant,
663 3163 869 3239 ingrederetur.
924 3162 990 3235 Quo
1022 3163 1168 3239 proiectus
1204 3175 1253 3219 est
1279 3163 1347 3219 ab5

264 3267 437 3339 &almachio
459 3267 516 3334 die,
538 3269 575 3325 ad
592 3288 706 3327 amnem
722 3269 849 3338 Melana,
871 3287 956 3342 quem
973 3280 1089 3339 vocant,
1111 3268 1178 3326 inde
1199 3278 1316 3344 postero

263 3365 295 3430 le
322 3371 452 3450 Cypsela
477 3375 637 3449 pervenit·
672 3376 701 3431 A
730 3372 862 3448 Cypselis
895 3375 945 3431 via
978 3374 1075 3431 decem
1105 3373 1224 3430 millium
1256 3371 1347 3430 ferob

264 3470 404 3549 lveatris,
450 3489 589 3554 angusta,
632 3477 808 3555 confragosa
850 3480 1029 3554 excipiebat,
1072 3489 1192 3556 propter
1236 3480 1316 3536 cuius

264 3577 447 3642 lfflcnltatem
486 3585 597 3642 itineris
633 3584 663 3641 in
700 3585 773 3641 duas
808 3594 906 3660 partes
943 3585 1051 3642 divisus
1091 3585 1248 3655 exercitus,
1288 3594 1317 3642 et

264 3691 413 3748 Ptecedere
435 3709 494 3747 una
514 3690 610 3761 iussa,
640 3690 733 3746 altera
757 3709 864 3766 magno
883 3689 1044 3748 intervallo
1067 3709 1172 3766 cogere
1196 3711 1315 3767 agmen3

264 3797 344 3855 tedia
364 3796 575 3872 impedimenta
595 3797 779 3871 interposuit3
807 3796 938 3871 plaustra
964 3815 1027 3853 cum
1057 3798 1180 3872 pecunia
1201 3799 1317 3873 publica

264 3910 331 3959 rant
362 3901 551 3977 pretiosaque
583 3901 642 3958 alia
673 3903 782 3977 praeda.
835 3903 882 3959 Ita
912 3920 999 3976 quum
1033 3921 1085 3978 per
1115 3905 1219 3961 saltum
1254 3905 1345 3975 irati

264 4002 396 4065 'hracum
430 4007 530 4065 decem
563 4006 642 4064 haud
674 4007 797 4083 amplius
829 4007 920 4063 millia
952 4027 989 4064 ex
1024 4019 1161 4083 quattuor
1193 4011 1320 4086 populis,

264 4113 326 4172 tatii
348 4124 377 4171 et
398 4111 482 4171 Caeni
504 4121 533 4169 et
552 4112 722 4169 Maduateni
737 4123 765 4168 et
779 4111 886 4182 Coreli,
908 4113 945 4168 ad
966 4112 1046 4188 ipsas
1068 4114 1216 4188 angustias
1238 4114 1315 4171 viam

265 4220 502 4279 rcumsaderunt
546 4217 654 4294 Opinio
666 4227 738 4287 erat,
752 4235 810 4273 non
822 4217 883 4274 sine
894 4218 1023 4294 Philippi
1034 4220 1228 4277 Macedonum
1241 4221 1317 4295 regis
1330 4226 1347 4282 8

265 4326 350 4384 'aude
369 4327 402 4384 id
424 4324 556 4392 factum:
583 4341 648 4380 eum
675 4322 778 4392 scisse,
806 4340 865 4378 non
895 4323 954 4380 alia
975 4343 1063 4400 quam
1086 4344 1139 4402 per
1159 4326 1317 4384 Thraciam
