3484 5025
641 536 721 586 Liber
732 537 789 587 XL.
822 537 870 600 (A.
886 533 947 585 cur.
964 534 1035 597 1⁸1.)
1274 537 1333 593 227

292 715 444 775 Sardinia
465 726 532 776 octo
553 719 643 778 millia
663 720 791 796 peditum
807 741 843 786 ex
859 719 946 780 sociis
961 719 1059 777 Latini
1074 718 1198 776 nominis
1214 718 1372 794 placuisset

282 824 394 882 scribi
417 834 446 881 ct
467 834 611 883 trecentos
633 827 759 902 equites,
781 846 854 902 quos
876 828 918 887 M.
941 826 1077 885 Pinarius
1099 835 1207 901 praetor
1225 842 1323 882 secum
1345 825 1375 881 in

295 926 474 986 Sardiniam
496 932 649 1004 traiiceret,
671 942 782 989 tantum
798 933 947 990 hominum
964 933 1144 989 demortuum
1168 948 1242 1000 esse,
1261 938 1373 987 tantum
1389 935 1405 988 7

295 1033 415 1109 abique
435 1041 579 1111 agrorum
601 1039 733 1096 consules
753 1038 996 1108 renuntiaverint,
1028 1047 1060 1095 ut
1087 1037 1112 1094 is
1137 1055 1273 1094 numerus
1299 1034 1374 1093 effici

296 1138 427 1197 militum
454 1161 513 1200 non
535 1144 671 1218 potuerit.
724 1143 810 1217 Quod
839 1145 940 1202 deerat
958 1144 1107 1213 militum,
1137 1153 1291 1199 sumeres
1318 1138 1406 1200 cna

296 1244 407 1304 Baebio
428 1248 618 1322 proconsule,
648 1248 696 1323 qai
718 1250 795 1307 Pisis
815 1251 998 1320 hibernabat,
1026 1249 1122 1305 iussus
1154 1257 1263 1323 praetor
1285 1255 1374 1321 atque

294 1349 371 1408 inde
394 1352 424 1409 in
447 1353 612 1412 Sardiniam
636 1353 777 1412 traiicere.

388 1457 424 1514 L.
439 1458 573 1516 Duronio
589 1459 714 1535 praetori,
733 1460 780 1517 cui
797 1460 947 1535 provincia
961 1458 1072 1534 Apulia
1087 1466 1234 1528 evenerat,
1257 1458 1372 1514 adiecta
1385 1455 1403 1514 9

296 1560 338 1618 de
360 1562 595 1621 Bacchanalibus
625 1563 746 1639 quaestio
777 1572 835 1633 est,
870 1564 951 1622 cuius
983 1564 1100 1621 residua
1128 1564 1259 1638 quaedam
1292 1561 1371 1620 velut

295 1656 416 1726 semina
437 1687 474 1725 ex
495 1669 641 1744 prioribus
663 1669 747 1727 malis
769 1669 827 1725 iam
850 1668 947 1743 priore
970 1689 1047 1726 anno
1071 1679 1286 1744 apparuerant;
1318 1669 1370 1725 sed
1387 1666 1423 1721 10

296 1774 397 1847 magis
419 1772 562 1831 inchoatae
586 1775 664 1850 apud
696 1776 733 1836 L.
758 1774 883 1849 Pupium
912 1786 1065 1851 praetorem
1092 1774 1265 1848 quaestiones
1288 1783 1372 1831 erant

296 1895 391 1952 quam
418 1868 586 1937 ad'exitum
609 1881 697 1938 ullum
720 1880 876 1957 perductae.
929 1880 965 1937 Id
992 1898 1144 1954 persecare
1165 1896 1272 1934 novum
1296 1895 1370 1952 prae·

294 1992 406 2056 torem,
427 2005 465 2043 ne
486 1994 615 2061 serperet
632 1985 735 2044 iterum
757 1987 854 2055 latius,
876 1993 975 2061 patres
989 1984 1146 2053 iusserunt;
1169 1991 1197 2038 et
1218 1982 1311 2056 legem
1334 1982 1371 2038 de
1388 1982 1418 2036 ll

295 2089 413 2146 ambitu
435 2091 567 2148 consules
597 2110 634 2148 ex
656 2092 828 2149 auctoritate
860 2098 978 2147 senatus
1005 2089 1042 2145 ad
1069 2088 1208 2165 populum
1233 2086 1369 2147 tulerunt.

386 2196 563 2271 Legationes
578 2197 683 2254 deinde
693 2198 722 2255 in
739 2205 870 2254 senatum
885 2195 1118 2263 introduxerunt,
1136 2212 1237 2268 regum
1250 2193 1369 2267 primas,
1423 2184 1465 2254 20

287 2293 441 2358 Eumenis
462 2311 492 2358 ct
513 2301 680 2360 Ariarathis
700 2301 886 2378 Cappadocis
912 2309 941 2357 ct
969 2298 1132 2357 Pharnacis
1154 2297 1284 2366 Pontici3
1316 2316 1370 2355 nec

293 2406 378 2463 ultra
412 2408 567 2481 quicquam
601 2409 642 2465 eis
668 2427 839 2483 responsum
868 2417 925 2478 est,
955 2426 1043 2481 qnam
1072 2405 1228 2473 missuros,
1261 2404 1311 2477 qui
1333 2403 1370 2461 de

292 2513 505 2570 controversiis
526 2533 627 2571 eorum
649 2522 857 2590 cognoscerent
882 2522 1107 2586 statuerantque.
1151 2508 1400 2567 Lacedaemoni-2

293 2633 382 2673 onim
406 2617 509 2676 deinde
532 2619 663 2676 exsulum
686 2628 715 2676 et
738 2619 915 2676 Achaeorum
937 2616 1026 2693 legati
1047 2615 1202 2673 introducti
1223 2625 1303 2684 sunt;
1340 2625 1370 2672 et

286 2737 367 2797 ¹spes
389 2722 459 2779 data
482 2724 631 2781 exsulibus
648 2733 709 2794 est,
732 2723 905 2799 scripturum
928 2720 1210 2788 senatumfAchaeia
1231 2730 1264 2776 ut
1284 2721 1368 2778 resti·

292 2833 464 2898 tuerentur3
494 2802 598 2887 Achaei
621 2830 656 2886 de
677 2829 811 2886 Messene
832 2817 950 2905 recepta
972 2825 1198 2901 compositisque
1219 2826 1260 2884 ibi
1281 2828 1368 2884 rebus

294 2950 364 2990 cum
388 2953 508 2992 assensu
530 2945 647 3010 patrum
670 2938 875 3008 exposuerunt.
924 2934 964 2991 Et
985 2952 1004 2990 a
1024 2932 1162 3007 Philippo
1184 2952 1253 3008 rege
1268 2932 1400 2990 Mace-3

293 3035 407 3095 donum
429 3039 487 3096 duo
509 3039 597 3114 legati
619 3049 768 3109 venerunt,
800 3039 947 3097 Philocles
969 3050 996 3094 et
1019 3039 1149 3113 Apelles,
1181 3040 1261 3096 nulla
1282 3058 1369 3115 super

293 3160 345 3212 re,
361 3138 443 3217 xquae
464 3145 591 3220 petenda
620 3145 657 3201 ab
679 3153 780 3202 senatu
803 3153 895 3212 esset,
929 3142 1109 3218 speculatum
1133 3143 1227 3218 magis
1248 3145 1369 3219 inquisi-

294 3255 420 3322 tumque
441 3249 522 3306 missi
544 3250 587 3317 de·
600 3250 645 3318 iis,
677 3268 798 3324 quornm
822 3250 948 3306 Perseus
970 3249 1152 3305 Demetrium
1174 3249 1370 3309 insimulasset

295 3359 465 3410 sermonum
488 3373 552 3413 cum
573 3355 724 3426 Romanis,
751 3354 878 3411 maxime
902 3372 967 3411 cum
990 3356 1028 3414 T.
1050 3351 1200 3426 Quinctio,
1230 3353 1369 3411 adversus

294 3455 419 3516 fratrem
449 3460 486 3516 de
507 3479 598 3535 regno
622 3461 797 3518 habitorum.
845 3458 911 3514 Hos
934 3468 1074 3533 tanquam
1107 3457 1218 3514 medios
1250 3477 1303 3516 nec
1339 3458 1399 3515 int

295 3563 419 3620 alterius
447 3563 579 3622 favorem
610 3565 763 3621 inclinatos
790 3563 910 3619 miserat
931 3583 999 3632 rex3
1032 3571 1115 3619 erant
1147 3573 1244 3620 autem
1277 3573 1306 3619 et
1338 3563 1368 3621 hi

295 3668 401 3728 Persei
434 3667 546 3725 fraudis
579 3669 609 3725 in
641 3669 761 3726 fratrem
784 3668 908 3725 ministri
937 3678 965 3725 et
987 3667 1151 3743 participes.
1178 3649 1400 3726 'Demetriusb

296 3773 429 3830 omnium
463 3781 656 3848 praeterquem
688 3773 817 3830 fraterno
839 3774 958 3842 scelere,
988 3773 1066 3847 quod
1100 3791 1193 3846 nuper
1224 3785 1370 3849 eruperat,

295 3878 419 3953 ignarus
446 3878 542 3956 primo
571 3896 665 3950 neque
700 3896 836 3952 magnam
864 3898 959 3953 neque
988 3878 1096 3935 nullam
1124 3896 1204 3952 spem
1233 3879 1370 3948 habebat,

296 3990 414 4058 patrem
438 3982 494 4039 sibi
515 3980 626 4056 placeri
647 3999 747 4056 posse;
779 3983 874 4041 minus
896 3985 1000 4041 deinde
1021 3985 1050 4040 in
1073 3984 1134 4039 dies
1156 3983 1248 4057 patris
1272 3983 1369 4041 animo

251 4083 252 4086 ’
295 4088 425 4157 fidebat,
456 4107 544 4161 quum
568 4087 694 4144 obsideri
718 4106 802 4145 aures
824 4107 843 4145 a
869 4087 960 4145 fratre
988 4099 1124 4146 cerneret.
1184 4088 1288 4163 ltaque
1315 4089 1369 4146 cir·
1384 4077 1415 4140 θ’

296 4193 494 4268 cumspiciens
517 4192 595 4249 dicta
615 4191 753 4266 iactaque
775 4211 845 4263 sua,
877 4212 914 4249 ne
935 4192 1015 4249 cuius
1039 4191 1218 4267 suspiciones
1240 4202 1370 4269 augeret,
1395 4217 1398 4223 ·

298 4298 428 4355 maxime
452 4297 594 4354 ab'omni
617 4298 763 4354 mentione
784 4308 812 4355 et
833 4297 1008 4371 contagione
1022 4299 1222 4363 Romanorum
1244 4299 1371 4356 abstine·
1452 4291 1456 4295 ⁸

1124 4401 1171 4452 15*
