3484 5025
940 494 974 537 VI

422 676 635 749 616619ιὶ661
658 674 764 730 mendo
785 674 1095 748 imerpolstionemque
1118 675 1240 746 omitto),
1269 688 1296 731 et
1325 686 1396 749 quot
1418 677 1492 734 loeis

422 759 516 815 verbe
537 775 624 831 quum
646 755 754 812 inillis
775 757 916 829 utrisque,
935 765 996 812 turn
1018 775 1088 813 vero
1110 758 1249 831 singulari
1271 758 1446 832 negligentia
1459 761 1490 816 in

423 841 450 897 B
472 840 581 896 omisso
601 837 790 912 Moguntinus
811 838 937 896 servarit
957 848 987 895 et
1008 857 1097 912 quum
1118 839 1189 895 nilril
1209 840 1260 897 ille
1287 842 1317 896 in
1339 842 1365 897 B
1393 857 1489 898 veona

423 922 520 997 sputis
551 921 691 978 reconditi
731 920 889 989 oseultent3
923 922 979 978 lroo
1011 921 1085 977 enim
1121 922 1249 979 declarat
1282 924 1344 998 ipse
1378 924 1422 1001 in·
1444 926 1490 980 his

423 1004 495 1061 loeis
516 1004 690 1061 deteriorum
713 1003 859 1073 sedicem,
881 1004 930 1077 qui
953 1004 983 1060 iu
1005 1004 1106 1061 esteris
1129 1023 1148 1060 6
1165 1005 1263 1061 eodiee
1278 1005 1490 1080 Bumbergensi

423 1087 510 1143 simili
531 1087 670 1161 pendent,
698 1101 764 1143 oum
791 1087 825 1143 M
847 1103 1004 1143 consensus
1034 1096 1086 1143 661
1110 1105 1192 1143 error
1220 1087 1338 1162 originis
1368 1098 1490 1163 spertoe.

424 1168 521 1242 Quum
544 1178 640 1225 entem
662 1168 749 1225 timul
770 1168 1073 1238 animadverterimus,
1101 1188 1154 1243 per
1173 1170 1235 1225 hee
1262 1170 1387 1243 plurium
1408 1172 1491 1246 eupi-

424 1260 484 1308 tnm
506 1252 603 1325 spatie
630 1269 717 1325 quem
739 1248 803 1307 fere
828 1249 901 1307 nihil
922 1251 1004 1319 boni,
1032 1251 1112 1324 quod
1135 1252 1245 1308 nonin
1266 1253 1298 1308 M
1321 1252 1424 1321 fuerit,
1452 1272 1490 1309 ex

424 1334 450 1390 B
472 1334 617 1407 prolatum
646 1332 700 1402 sit,
718 1350 863 1390 summum
890 1334 968 1390 hene
995 1332 1151 1400 feriemus,
1179 1334 1219 1390 ite
1242 1334 1489 1409 Bambergensem

423 1416 573 1490 vulgares,
605 1415 776 1489 quibusoum
808 1415 982 1490 eognetione
1014 1416 1211 1489 coniungitur,
1245 1416 1332 1491 longo
1364 1418 1490 1488 vincere,

424 1508 456 1555 ut
479 1496 651 1573 Moguntino
682 1516 742 1555 uon
770 1498 859 1573 poulo
890 1497 1010 1554 inferior
1033 1497 1084 1566 sit3
1116 1498 1216 1573 iteque
1244 1518 1338 1573 neque
1366 1507 1490 1576 propter

423 1581 669 1655 Bembergensem
692 1591 721 1637 61
735 1591 898 1638 ester-orum
919 1580 949 1636 in
972 1599 1070 1637 errore
1084 1580 1227 1638 leeunsre
1243 1583 1488 1657 conspirationem

423 1664 509 1719 rectis
535 1662 700 1736 Mogontini
731 1662 882 1737 seripturis
911 1661 1098 1719 diffidendum
1133 1682 1196 1720 esse
1230 1674 1259 1720 et
1291 1665 1381 1738 (quod
1402 1684 1490 1734 6666,

424 1745 557 1802 omnibus
572 1745 698 1801 minimis
719 1764 772 1819 per
793 1746 867 1802 dnos
880 1745 970 1802 libros
986 1746 1106 1815 exactis,
1122 1747 1227 1803 certius
1249 1753 1277 1802 et
1299 1748 1490 1804 confidentius

423 1828 487 1884 dieo
511 1847 599 1902 quem
620 1828 787 1888 Emendett.
807 1847 836 1902 p.
856 1828 928 1900 366)
949 1828 978 1884 in
1000 1828 1035 1884 iis
1058 1828 1140 1898 loeis,
1161 1830 1191 1885 iu
1213 1829 1317 1902 quibus
1338 1831 1490 1904 seripturae

423 1910 461 1966 ad
483 1910 653 1967 sententiam
681 1919 710 1967 61
736 1910 898 1967 orationem
925 1908 986 1967 fere
1014 1929 1096 1984 mque
1123 1913 1206 1968 bonse
1234 1921 1355 1981 certent,
1385 1913 1489 1987 praefe-

421 1993 528 2049 rendss
553 2010 617 2049 esse
637 1993 802 2067 Moguntini
824 1995 862 2050 ob
885 1993 1094 2052 auctoritatem.
1140 1995 1290 2051 Bonorum
1313 2004 1409 2051 autem
1434 1996 1489 2051 ali·

423 2085 495 2147 quot
521 2074 744 2149 scripturorum,
780 2094 845 2149 quse
869 2094 907 2132 ex
928 2074 991 2131 solo
1013 2076 1040 2132 B
1067 2084 1191 2133 enotatoe
1211 2086 1292 2148 sunt,
1324 2078 1489 2151 complures

422 2158 508 2213 etiam
533 2157 563 2214 in
583 2159 617 2215 M
638 2156 738 2227 161666,
758 2158 810 2214 sed
831 2158 861 2215 in
884 2159 1065 2232 exoerpende
1086 2159 1226 2216 varietate
1248 2160 1385 2229 omissas,
1408 2161 1488 2234 quod

361 2255 363 2257 ·
422 2257 522 2296 earum
545 2240 661 2297 bonitas
681 2258 740 2296 non
761 2240 976 2315 intelligeretur,
1002 2260 1037 2296 eo
1060 2240 1178 2298 liberius
1201 2241 1324 2310 affirmo,
1349 2243 1428 2315 quod
1450 2262 1489 2299 ne

422 2322 451 2377 in
474 2324 499 2379 B
524 2323 639 2396 quidem
661 2332 784 2398 repertus
803 2324 901 2380 statim
924 2324 1056 2397 probetae
1076 2333 1159 2392 sunt;
1180 2324 1260 2381 velut
1280 2325 1434 2393 XXXIV,
1458 2327 1488 2392 2,

427 2408 458 2460 ll
494 2407 563 2477 (sine
584 2414 672 2461 tutore
699 2406 820 2477 auctore)
843 2415 871 2462 et
906 2408 955 2471 19,
987 2407 1003 2461 8
1036 2406 1121 2478 (dens)
1150 2406 1337 2481 Kreyssigius
1361 2408 1486 2481 primum

421 2506 479 2545 non
495 2487 627 2557 attendit,
651 2492 679 2553 4,
702 2489 739 2544 18
761 2488 920 2559 (morabilis
935 2487 973 2560 ee)
994 2505 1079 2544 nemo
1102 2498 1170 2544 ente
1194 2508 1242 2546 me
1262 2490 1340 2561 (Em.
1355 2509 1384 2564 p.
1401 2491 1490 2562 396);

420 2569 470 2629 lib.
492 2569 680 2638 XXXVIII,
701 2572 746 2637 13,
768 2578 786 2625 4
808 2587 909 2626 verum
934 2571 1121 2644 Kreyssigins
1142 2571 1278 2645 neglexit,
1305 2576 1351 2639 16,
1375 2576 1392 2628 3
1415 2574 1490 2645 (666-

422 2654 529 2725 1196166)
551 2661 580 2709 61
607 2656 651 2721 17,
674 2654 693 2708 6
714 2651 845 2724 (adsueto
873 2670 975 2708 omnes
996 2661 1064 2708 6616
1084 2673 1131 2710 me
1162 2655 1239 2726 (Em.
1261 2674 1289 2729 p.
1314 2657 1382 2724 433,
1405 2656 1488 2727 116),

422 2735 508 2807 Quod
531 2744 627 2792 sutem
649 2733 679 2790 in
699 2734 773 2791 libre
796 2735 945 2792 XXXIII
968 2736 998 2806 (6
1020 2753 1084 2810 esp.
1113 2737 1161 2809 11)
1181 2737 1364 2810 Moguntino,
1386 2755 1489 2810 quem-

424 2817 580 2874 admodum
614 2816 729 2890 quidem
762 2816 810 2873 hio
840 2817 932 2874 leotus
956 2828 985 2874 et
1014 2836 1169 2892 expressus
1191 2819 1242 2888 sit,
1274 2817 1487 2893 6666661366-

421 2902 590 2974 bergensem
621 2908 650 2955 61
670 2917 752 2973 perne
774 2900 954 2972 superiorem
977 2917 1040 2956 esse
1060 2900 1122 2956 dixi
1144 2902 1219 2974 (Em.
1236 2920 1265 2974 p.
1283 2900 1364 2973 366),
1386 2902 1489 2957 viden-

421 2996 468 3038 tur
496 3000 568 3038 sane
587 2982 655 3041 Nie.
678 2980 860 3038 Curbnohius
883 2992 912 3039 et
937 2982 985 3041 W.
1002 2985 1162 3057 Angustus,
1185 3001 1272 3056 quum
1294 2993 1406 3057 partem
1422 2983 1489 3041 libri

421 3064 570 3121 XXXIII
591 3082 607 3120 e
629 3063 730 3137 primis
751 3063 859 3121 eodiois
880 3065 914 3121 M
938 3063 1016 3121 foliis
1037 3063 1163 3121 fortusse
1183 3065 1259 3120 mele
1287 3066 1393 3121 habitis
1415 3085 1488 3121 non-

421 3147 489 3202 dum
510 3145 549 3201 ad
574 3163 638 3202 eum
663 3146 817 3220 legendum
847 3147 997 3204 exercitati
1018 3156 1048 3203 et
1068 3147 1148 3202 66116
1168 3147 1374 3220 impressorum
1399 3148 1488 3204 libro·

421 3248 484 3286 rum
513 3229 733 3303 comparatione
767 3229 858 3285 adiuti
889 3230 1021 3299 ederent,
1051 3228 1195 3303 permulto
1223 3229 1298 3285 mele
1326 3230 1432 3304 legisse
1459 3240 1489 3286 et

420 3311 532 3368 edendo
561 3311 725 3385 corrupisse
752 3311 915 3383 (utstatim
945 3330 970 3369 6.
996 3316 1048 3380 17,
1083 3315 1100 3367 8
1123 3313 1340 3385 meoepupnabilis
1361 3332 1416 3386 pro
1441 3332 1487 3368 eu·

414 3394 576 3469 669666ίί6
606 3393 768 3465 ediderunt)
801 3411 855 3449 666
884 3393 1026 3452 Gelenius
1054 3393 1152 3449 omnis
1179 3389 1380 3466 correxisse¹).
1428 3394 1487 3452 Sed

421 3477 667 3551 Bumbergensem
697 3476 727 3531 in
755 3475 902 3549 prioribus
930 3475 1011 3532 libris
1038 3475 1223 3550 integriorem
1255 3492 1318 3531 esse
1339 3477 1433 3532 videri
1459 3485 1488 3532 et

422 3560 526 3615 sensim
549 3559 579 3615 in
601 3558 727 3614 deterius
748 3574 870 3631 vergere
891 3557 952 3613 dixi
975 3558 1033 3613 ium
1057 3566 1124 3614 unte
1153 3558 1230 3628 (Em.
1246 3557 1325 3630 16).
1376 3559 1416 3614 Et
1442 3569 1488 3614 16-

420 3659 487 3696 men
503 3640 551 3697 hie
573 3658 690 3713 quoque
710 3657 806 3696 veens
826 3639 879 3695 illu
898 3639 994 3713 spatie
1015 3650 1090 3706 sunt,
1112 3639 1192 3695 velut
1210 3641 1358 3697 XXXIII
1378 3641 1408 3695 in
1428 3659 1487 3696 uuo

420 3722 515 3796 eapite
525 3723 556 3778 X
572 3730 711 3794 quattuor
728 3723 754 3793 (ξ
773 3726 782 3777 l
809 3738 864 3795 pro
887 3730 927 3789 ut,
947 3725 962 3789 ᾗ
977 3725 996 3777 6
1011 3740 1066 3794 pro
1081 3723 1237 3794 irrumpunt
1251 3734 1279 3777 et
1295 3741 1348 3795 pro
1359 3741 1392 3777 es
1402 3732 1488 3796 purte

420 3813 448 3860 et
469 3822 523 3878 pro
538 3803 675 3877 6616666).
719 3802 779 3861 Sed
800 3803 973 3860 veniendum
998 3814 1042 3859 est
1062 3804 1101 3859 sd
1121 3803 1264 3878 duplieem
1286 3803 1375 3870 illem,
1398 3823 1485 3876 qnam

418 3885 635 3960 propositurum
650 3903 697 3941 me
707 3884 778 3952 dixi,
793 3884 992 3958 exemplorum
1004 3885 1116 3940 seriem.
1149 3887 1253 3958 lteque
1266 3886 1330 3941 libr.
1342 3887 1486 3944 XXXIV

419 4024 653 4034 ...m-“-

438 4085 462 4152 ¹)
491 4086 651 4142 Cerbuohins
669 4093 724 4158 ipse
744 4104 901 4163 quantopere
920 4098 1020 4161 legendi
1039 4096 1218 4147 difficultatem
1237 4106 1389 4161 exaggeret,
1411 4099 1486 4148 Gele-

490 4158 597 4220 niusqne
620 4161 681 4223 quid
705 4163 736 4210 (16
758 4161 906 4214 Cerbeolrio
931 4177 956 4214 et
974 4167 1095 4228 Angusto
1115 4175 1248 4230 queretur,
1276 4166 1430 4228 iuteIIIgitnr
1453 4183 1486 4217 ex

488 4225 679 4344 ppoegpgionibus
706 4234 834 4294 expressis
868 4235 935 4298 opud
959 4234 1199 4284 Drakenborehlum
1225 4235 1274 4283 vol.
1304 4234 1357 4284 VII
1388 4252 1414 4299 p.
1435 4242 1485 4285 268

490 4310 503 4342 6
588 4331 595 4344 .
