3484 5025
592 509 671 591 Lilser
686 510 841 564 xxxvns.
858 510 908 575 (A.
927 508 990 564 cm.
1012 515 1081 573 1⁸⁷.)
1250 517 1318 576 ,151
1386 533 1394 542 “

303 712 355 771 pso
376 712 413 754 se
434 713 525 771 quam
554 695 695 754 adversus
722 695 816 772 legem
841 695 984 782 dicturum
1011 698 1190 774 apparebat,
1218 699 1366 757 dissuasor

303 800 457 877 processit.
508 801 541 860 Is
568 811 663 860 morte
690 802 727 862 P.
749 800 885 861 Africani
910 802 1023 873 fratris,
1057 803 1112 862 viri
1142 805 1269 863 omnium
1306 804 1372 876 ior·¹

305 905 407 966 mermi
447 905 674 983 clarissimique,
714 926 780 966 mm
820 920 954 968 exortam
992 911 1172 985 rogationem
1215 921 1259 968 est
1295 929 1362 968 con·

305 1020 440 1088 questus3
469 1030 573 1088 pamm
599 1014 674 1072 euim
696 1013 786 1072 fuisse
808 1034 868 1073 non
888 1015 1003 1074 laudari
1023 1034 1077 1091 pro
1101 1014 1204 1074 rostris
1225 1017 1261 1073 P.
1284 1014 1396 1076 Afri-9

306 1135 410 1177 sanum
430 1127 508 1195 ¹post
535 1128 675 1191 mortem,
707 1119 763 1178 nisi
800 1118 889 1179 etiam
920 1131 1122 1191 accusaretur3
1149 1131 1178 1178 et
1211 1119 1365 1197 Carthagi-
1382 1130 1417 1183 10
1466 1185 1470 1200 ι

304 1224 419 1282 aienses
437 1223 540 1282 exsilio
561 1224 734 1283 Hannibalis
763 1235 915 1285 contentos
936 1245 1013 1299 esse,
1042 1228 1180 1304 populum
1202 1228 1365 1285 Romanum

303 1347 338 1390 ua
359 1340 457 1390 morte
480 1331 595 1406 quidem
618 1333 655 1391 P.
677 1330 822 1407 Scipionis
850 1334 1003 1405 metiari,
1028 1333 1084 1392 nisi
1113 1344 1142 1392 et
1169 1332 1260 1407 ipsius
1286 1331 1367 1390 fama
1458 1331 1461 1336 ‘

301 1437 410 1513 sepulti
438 1436 583 1496 laceretur
612 1448 642 1496 et
671 1436 762 1496 irater
782 1439 901 1515 insuper
928 1440 1054 1499 accessio
1075 1439 1191 1497 invidias
1216 1448 1366 1497 mactetur.

284 1543 343 1604 Ἡ.
365 1541 444 1602 Cato
476 1543 569 1602 suasit
601 1543 783 1619 rogationem
813 1546 922 1617 (exstat
954 1546 1049 1604 oratio
1085 1544 1146 1604 eius
1178 1544 1214 1602 de
1242 1544 1414 1620 pecuniali

295 1649 381 1726 regis
402 1646 565 1719 Antiochi),
585 1659 615 1706 et
634 1649 792 1708 Mummios
815 1651 947 1709 tribunos
969 1652 1142 1710 auctoritate
1161 1650 1308 1721 deterruit,
1328 1669 1365 1706 ne

296 1756 530 1815 adversarentur
541 1755 695 1831 rogationi
737 1756 961 1815 Remittentibus
976 1774 1045 1831 ergo
1063 1755 1109 1813 his
1123 1756 1365 1825 intercessionem,
1381 1758 1416 1815 tt

294 1879 406 1922 omnes
441 1861 534 1930 tribus
569 1860 629 1930 „uti
662 1865 769 1937 rogas“
799 1861 954 1921 iusserunt.
1014 1861 1077 1920 Ser.
1106 1860 1235 1937 Sulpicio
1262 1862 1365 1920 deinde
1419 1855 1459 1926 55

292 1967 462 2038 referente,
488 1985 575 2042 quem
600 1966 753 2041 rogatione
773 1967 880 2024 Petilia
900 1985 1029 2043 quarere
1048 1967 1168 2038 vellent,
1195 1968 1231 2042 Q.
1256 1970 1366 2026 Teren·

294 2075 375 2134 tium
396 2071 565 2132 Culleonem
593 2082 692 2148 patres
718 2072 870 2133 iusserunt.
917 2074 967 2132 Ad
993 2074 1070 2133 hunc
1097 2084 1265 2150 praetorem,
1291 2075 1398 2132 adoni

297 2179 429 2238 amioum
453 2176 596 2237 Corneliae
616 2177 750 2250 familiae,
771 2189 819 2249 ut,
840 2178 890 2253 qui
911 2180 1013 2237 Romae
1034 2191 1179 2238 mortuum
1201 2179 1365 2253 elatumque

296 2288 339 2346 Ρ.
359 2281 527 2361 Scipionem
557 2289 614 2351 (est
641 2283 717 2340 enim
743 2304 779 2342 ea
806 2303 924 2360 quoque
942 2284 1035 2357 fama)
1056 2286 1189 2357 tradunt,
1218 2285 1366 2361 pileatum,

296 2391 378 2450 sicut
404 2391 436 2449 iu
462 2390 609 2466 triumpho
638 2389 727 2460 ierat,
757 2390 787 2447 in
816 2390 917 2450 funere
944 2410 1060 2467 quoque
1090 2402 1158 2451 ante
1182 2392 1287 2449 lectum
1309 2393 1366 2448 isse

299 2497 455 2579 memoriae
482 2495 662 2574 prodiderint
695 2504 724 2554 et
750 2496 790 2555 ad
815 2507 931 2575 portum
961 2495 1109 2574 Capenam
1144 2498 1265 2556 mulsum
1293 2518 1364 2574 pro·
1466 2493 1475 2509 ⁸

299 2603 412 2663 secutis
433 2602 520 2661 funus
541 2603 663 2673 dedisse,
686 2603 765 2677 quod
783 2603 821 2662 ab
843 2623 879 2661 eo
900 2603 976 2660 inter
994 2602 1066 2660 alios
1078 2605 1210 2678 captivos
1219 2605 1251 2661 in
1261 2603 1365 2662 Africa

297 2709 485 2769 exhostibns
495 2717 628 2784 receptus
640 2719 724 2777 esset,
743 2719 795 2765 aut
813 2709 880 2766 ideo
898 2708 1044 2766 inimicum
1062 2709 1193 2780 eundem,
1205 2722 1236 2767 nt
1247 2716 1396 2785 propter3
1433 2730 1435 2739 ·

295 2815 447 2891 insignem
468 2813 643 2872 simultatem
665 2814 703 2870 ab
725 2832 761 2871 ea
781 2813 926 2887 factione,
950 2834 1014 2890 qum
1036 2816 1160 2874 adverse
1181 2815 1365 2892 Scipionibus

299 2929 384 2992 erat,
406 2919 534 2977 delectus
557 2919 595 2976 sit
615 2917 796 2994 potissimum
818 2921 857 2978 ad
881 2905 1066 2996 questionem
1093 2921 1299 2992 exercendam,
1329 2954 1365 2964 —

298 3037 432 3087 ceterum
461 3026 500 3082 ad
528 3026 605 3083 huuc
633 3023 718 3082 nimis
745 3044 860 3101 aequum
883 3037 934 3085 aut
959 3027 1089 3102 iniquum
1117 3037 1269 3103 pretorem
1299 3036 1395 3090 renat

297 3131 451 3209 extemplo
479 3131 574 3190 factus
602 3131 638 3188 L.
666 3129 775 3207 Scipio.
831 3132 925 3192 Simul
952 3142 980 3190 et
1007 3132 1105 3191 delata
1126 3144 1155 3190 et
1175 3142 1291 3207 recepta
1312 3151 1364 3188 no·
1426 3182 1429 3197 ,

298 3239 384 3299 mina
413 3238 575 3314 legatorum
603 3236 681 3307 eius,
712 3238 752 3297 A.
782 3248 810 3295 et
830 3239 864 3296 L.
886 3238 1077 3296 Hostiliorum
1104 3236 1248 3296 Catonum
1279 3247 1307 3295 et
1330 3236 1364 3298 0.

297 3344 388 3405 Furii
422 3342 582 3403 Aculeonis
614 3344 766 3417 quaestoris
797 3353 842 3415 et,
875 3354 907 3400 ut
937 3342 1034 3401 omnia
1064 3353 1198 3400 contacta
1227 3343 1366 3400 societate
1400 3353 1416 3406 5

296 3449 459 3528 peculatus,
475 3448 656 3519 viderentur,
680 3448 783 3507 scribae
804 3466 922 3523 quoque
942 3449 1000 3506 duo
1022 3458 1052 3506 et
1074 3466 1221 3506 accensus.
1254 3448 1288 3508 L.
1300 3449 1364 3505 Ho-

296 3557 398 3616 su'lius
428 3565 457 3613 et
487 3556 590 3615 scribe
616 3564 646 3613 et
675 3571 830 3624 accensus,
866 3554 1035 3631 priusquam
1066 3554 1103 3611 de
1129 3554 1265 3630 Scipione
1291 3554 1365 3611 indi-

297 3664 380 3723 cium
402 3664 500 3747 fieret,
532 3661 658 3720 absoluti
679 3670 762 3728 sunt,
794 3659 893 3736 Scipio
922 3670 951 3716 et
970 3663 1010 3720 A.
1031 3659 1174 3718 Hostilius
1203 3660 1316 3734 legatus
1338 3670 1366 3716 et

295 3768 338 3831 ,0.
367 3768 476 3827 Furius
503 3768 646 3826 damnet-i:
679 3785 737 3841 quo
766 3767 948 3825 commodior
973 3785 1033 3842 pax
1061 3765 1209 3825 Antiocho
1237 3766 1396 3835 deretani

296 3874 470 3951 Scipionem
485 3892 537 3932 sex
549 3874 639 3932 msslia
654 3872 752 3950 pondo
768 3872 841 3943 auri,
858 3872 1070 3948 quadringenta
1082 3872 1230 3948 octoginta
1253 3873 1364 3947 argenti

297 3981 370 4059 plus
384 3979 541 4055 accepisse,
553 3998 641 4054 quam
653 3980 684 4037 in
697 3977 829 4037 ararium
844 3978 984 4048 retulerit,
996 3981 1036 4040 Α.
1046 3977 1204 4036 Hostilium
1216 3978 1363 4052 octoginta
1378 3983 1392 4035 7

285 4086 402 4165 ¹pondo
423 4086 498 4156 auri,
518 4085 630 4161 argenti
652 4084 863 4160 quadringente
884 4084 949 4154 tria,
970 4083 1091 4142 Furium
1113 4093 1285 4158 quaestorem
1301 4083 1365 4138 auri

297 4191 402 4269 pondo
431 4201 544 4249 centum
575 4190 710 4266 triginta,
739 4189 852 4266 argenti
878 4189 1009 4249 ducenta
1067 4191 1132 4248 Has
1161 4207 1216 4264 ego
1237 4193 1397 4250 summas8

298 4298 366 4357 auri
393 4306 423 4381 et
452 4297 564 4372 argenti
594 4296 702 4354 relstes
728 4297 806 4372 apud
834 4296 985 4354 Antiatem
1012 4295 1118 4358 inveni.
1169 4295 1203 4352 In
1234 4295 1269 4353 L.
1303 4293 1364 4354 Sci·
