3484 5025
383 528 417 581 14
640 522 719 571 Liber
731 521 856 570 xxxvl.
890 518 935 580 (A.
949 535 974 569 u.
989 536 1011 570 c.
1028 521 1104 584 563.)

338 705 470 781 praesidio
493 725 581 778 quum
604 708 708 765 obvius
729 707 805 765 forte
826 707 927 764 fuisset
943 706 1097 782 Philippus
1113 725 1177 773 rex,
1200 701 1378 760 ndludibriuu

338 830 435 886 regem
466 830 530 868 eum
556 812 731 869 consalutari
755 813 852 883 iussit,
882 814 945 887 ipse
974 829 1151 887 congressus
1177 809 1295 868 statem
1318 806 1379 864 haud
1408 831 1410 842 ·

308 925 406 976 5sane
428 918 533 973 decoro
557 917 700 973 maiestati
722 935 781 973 sitm
802 918 866 974 ioco
889 918 1056 993 appellavit.
1106 916 1259 973 Deductus
1278 911 1379 969 indeed
1407 905 1410 922 ¹

339 1021 485 1080 consulem
504 1022 641 1078 custodiri
662 1023 756 1079 iussus
773 1032 822 1092 est,
844 1034 873 1080 et
890 1025 969 1080 haud
986 1023 1028 1080 ita
1044 1022 1138 1080 multo
1156 1030 1225 1096 post
1241 1020 1270 1076 in
1283 1017 1379 1075 vincnl'u
1407 1063 1410 1104 ÷

338 1132 462 1186 Romam
493 1127 606 1185 missus.
656 1126 761 1185 Cetera
789 1129 942 1186 multitudo
971 1129 1174 1185 Athamanum
1205 1135 1258 1183 aut
1283 1124 1379 1181 militum
1405 1109 1410 1140 ³

339 1234 478 1292 Antiochi
496 1233 582 1307 regis,
605 1252 668 1307 quse
690 1234 719 1290 iu
741 1234 881 1309 praesidiis
903 1234 1067 1290 deditorum
1090 1252 1145 1308 per
1166 1248 1219 1288 eos
1240 1230 1299 1287 dies
1317 1227 1379 1303 opp‘e

339 1340 441 1395 dorum
453 1338 557 1408 fuerat,
577 1339 714 1415 Philippo
726 1341 833 1397 tradita
844 1340 906 1414 regi
918 1349 975 1405 est:
996 1339 1078 1396 fuere
1097 1346 1197 1394 autem
1217 1336 1256 1392 ud
1270 1345 1380 1410 quattuor

309 1444 429 1503 dmillia
445 1444 603 1500 hominum.
644 1444 752 1502 Consul
772 1446 904 1512 Larisam
927 1455 971 1502 est
992 1443 1153 1519 profectus,
1173 1441 1216 1499 ibi
1237 1440 1378 1497 desumus

339 1550 405 1606 belli
432 1549 654 1607 consultaturus.
707 1552 743 1609 In
770 1551 872 1608 itinere
899 1552 937 1607 ab
964 1548 1061 1608 Cierio
1083 1559 1113 1605 et
1135 1546 1293 1622 Metropoli
1314 1541 1378 1618 lent

310 1656 485 1714 ‘ltradentes
505 1656 591 1712 urbes
610 1673 678 1712 suas
693 1665 887 1714 occurrerunt.
930 1654 1094 1730 Philippus,
1111 1654 1308 1711 Athamanum
1324 1667 1375 1726 pr»

341 1762 423 1836 cipue
439 1762 561 1835 captivis
579 1761 759 1836 indulgenter
775 1762 890 1829 habitis,
911 1772 942 1818 ut
958 1781 1010 1837 per
1027 1777 1079 1818 eos
1097 1758 1268 1817 conciliaret
1282 1765 1376 1831 gem,

342 1879 442 1925 nactus
455 1886 536 1941 spem
550 1868 734 1924 Athamaniae
755 1868 898 1941 potiendae
910 1865 1067 1923 exercitum
1085 1883 1122 1920 eo
1141 1864 1235 1934 duxit,
1253 1859 1374 1940 promi&

310 1974 327 2028 8
341 1972 370 2027 iu
382 1972 512 2028 civitates
525 1972 655 2045 captivis.
695 1972 733 2027 Et
743 1970 785 2028 illi
797 1991 932 2047 magnam
945 1971 1150 2028 auctoritatem
1162 1971 1243 2045 apud
1254 1968 1378 2046 populu!¹
1406 1968 1410 1982 '

341 2079 512 2144 habuerunt,
534 2077 714 2135 clementiam
737 2095 807 2151 erga
829 2096 860 2134 se
882 2078 958 2151 regis
981 2075 1267 2152 munificentiamque
1282 2089 1375 2134 contat·¹
1406 2055 1410 2064 Ι

310 2186 504 2252 9morantes,
527 2191 556 2238 et
578 2182 783 2257 Amynander,
805 2182 886 2239 cuius
909 2181 1058 2256 praesentis
1081 2182 1224 2240 maiestas
1245 2175 1360 2255 aliquos'

340 2291 397 2346 fide
420 2289 620 2357 continuisset,
648 2287 773 2357 veritus,
804 2306 840 2343 ne
861 2287 1024 2344 traderetur
1045 2287 1187 2363 Philippo
1217 2288 1274 2344 iam
1294 2284 1331 2361 p'
1368 2277 1372 2282 ¹

341 2396 417 2451 hosti
437 2404 465 2450 et
480 2394 620 2452 Romanis
638 2393 740 2450 merito
761 2403 829 2449 tunc
845 2401 965 2467 propter
982 2391 1174 2450 defectionem
1194 2391 1372 2474 infensis-'on

343 2500 465 2575 coniuge
492 2519 527 2557 ac
555 2498 652 2556 liberis
679 2518 768 2573 regno
796 2498 920 2556 excessit
942 2498 1194 2572 Ambraciamque
1223 2516 1254 2556 se
1279 2491 1373 2554 conult

343 2606 391 2661 Ita
412 2604 593 2661 Athamania
621 2605 714 2661 omnis
742 2606 771 2661 iu
799 2606 843 2661 ius
870 2604 1072 2678 dicionemque
1096 2604 1228 2679 Philippi
1260 2597 1373 2660 ennead

296 2715 330 2766 10
345 2709 454 2768 Consul
476 2711 513 2766 ad
535 2710 690 2766 reficienda
711 2710 837 2767 maxime
858 2710 1003 2779 iumenta,
1034 2727 1099 2782 quae
1121 2717 1150 2766 et
1171 2709 1345 2784 navigatione

344 2827 446 2891 postea
457 2816 606 2872 itineribus
617 2814 741 2889 fatigata
752 2827 842 2885 erant,
859 2832 969 2888 paucos
981 2813 1091 2870 Larisae
1103 2825 1236 2872 moratus
1248 2814 1339 2883 dieas

345 2931 485 2978 renovato
511 2921 625 2976 modica
647 2921 742 2993 quiete
764 2921 908 2989 exercitu,
942 2917 1126 2976 Crannonem
1160 2929 1205 2977 est
1233 2928 1380 2996 prognem

297 3030 327 3083 ll
346 3025 480 3084 Venienti
496 3025 657 3082 Pharsalus
672 3035 701 3082 et
713 3025 853 3084 Scotusae
867 3034 896 3080 ct
911 3025 1022 3093 Pherae,
1039 3042 1163 3099 quaeque
1176 3025 1208 3081 in
1224 3026 1264 3082 eis
1278 3018 1378 3100 prasidi
1408 3036 1410 3043 '

345 3131 484 3188 Antiochi
500 3139 590 3200 erant,
607 3130 757 3187 deduntur.
799 3129 847 3186 Ex
860 3128 895 3184 iia
910 3128 1105 3203 interrogatis,
1123 3130 1173 3203 qui
1186 3149 1302 3188 manere
1311 3140 1386 3186 sect*

346 3236 460 3305 vellent,
470 3236 547 3292 mille
554 3236 683 3292 volentes
690 3235 826 3310 Philippo
834 3234 931 3303 tradit,
942 3244 1053 3290 ceteros
1061 3235 1187 3292 inermes
1196 3232 1385 3293 Demetriade!¹

297 3343 332 3398 12
346 3341 473 3398 remittit.
496 3342 656 3397 Proernam
673 3340 740 3397 inde
756 3340 864 3413 recepit
883 3348 911 3396 et
930 3358 994 3413 quse
1011 3339 1088 3396 circa
1104 3359 1169 3397 eam
1186 3340 1304 3398 castella
1316 3340 1380 3395 ent

274 3524 279 3536 ,
346 3448 461 3503 Ducere
481 3456 541 3502 tum
564 3464 652 3521 porro
674 3446 703 3503 in
723 3445 816 3501 sinum
832 3445 989 3502 Maliacum
1007 3445 1102 3519 coepit.
1154 3434 1381 3522 Appropinqud

346 3550 487 3621 faucibus,
509 3569 596 3625 super
617 3570 690 3624 quaa
712 3551 758 3608 siti
774 3551 937 3608 Thaumaci
952 3555 1028 3622 sunt,
1050 3551 1166 3607 deserta
1187 3553 1261 3609 urbe
1280 3551 1381 3607 iuvent!

348 3655 441 3711 omnis
464 3666 578 3711 armata
599 3656 688 3711 silvas
712 3665 740 3712 et
761 3656 864 3712 itinera
885 3656 990 3713 insedit
1018 3665 1047 3713 et
1067 3656 1096 3712 in
1121 3674 1228 3730 agmen
1250 3659 1381 3714 Romam!

299 3763 384 3818 l3ex
406 3760 601 3833 superioribus
623 3762 694 3818 locis
715 3761 883 3818 incursavit.
928 3760 1036 3818 Consul
1060 3761 1155 3835 primo
1179 3762 1274 3830 misit,
1301 3757 1343 3834 qui
1359 3766 1383 3811 t!

348 3865 511 3940 propinquo
533 3866 729 3939 colloquentes
751 3866 928 3923 deterrerent
950 3885 999 3923 eos
1021 3885 1039 3922 a
1055 3866 1107 3922 tali
1122 3865 1237 3937 furore;
1259 3874 1383 3942 postqum

349 3988 535 4043 perseverare
562 3971 590 4027 in
612 3971 727 4046 incepto
748 3971 835 4036 vidit,
867 3972 983 4027 tribuno
1015 3990 1079 4027 cum
1111 3972 1236 4028 duorum
1266 3972 1384 4046 signorm

350 4075 485 4132 militibus
497 4075 694 4133 circummisso
705 4075 864 4132 interclusit
881 4077 918 4133 nd
936 4078 1035 4133 urbem
1054 4077 1108 4133 iter
1125 4077 1257 4146 armatis,
1277 4086 1386 4133 vacuan-

299 4184 335 4238 14
351 4198 406 4253 que
428 4199 492 4236 earn
514 4181 599 4254 cepit.
639 4182 714 4236 Tum
744 4181 870 4237 clamore
901 4182 938 4236 ab
968 4190 1049 4254 tergo
1076 4190 1170 4255 captae
1199 4184 1279 4240 urbis
1303 4177 1387 4241 andilli

349 4284 551 4359 refugientium
580 4285 704 4359 undique
732 4304 768 4342 ex
797 4287 877 4342 silvis
905 4286 1103 4343 insidiatorum
1132 4287 1227 4344 caedes
1256 4287 1330 4344 iacta
1351 4288 1410 4349 etl.
