3484 5025
554 503 633 553 cna
649 501 777 555 xxm
803 501 908 565 (acu.
929 502 998 567 rsa)
1209 502 1265 558 159
1317 484 1322 491 ’

263 688 399 766 iectique
410 689 449 746 ad
471 655 619 745 consulem
634 688 797 758 AEmilium,
818 688 874 759 cui,
894 697 928 745 ut
946 695 1135 763 cognosceret
1153 691 1306 742 statueret·

262 814 303 867 te,
327 804 450 851 senatus
471 794 654 869 permiserat,
676 812 783 868 magno
794 794 952 851 certamine
973 811 1038 851 cum
1062 800 1186 868 praetore
1206 790 1306 848 habito

262 910 397 958 nnerunt
419 907 549 960 cansam.
592 902 688 982 Arma
709 900 830 956 reddere
851 898 1042 969 Cenomanis,
1074 898 1213 956 decedere
1238 898 1337 973 pro-3

262 1007 336 1064 ucis
358 1015 469 1081 prator
487 1006 594 1066 iussus.
906 1001 910 1010 '

321 1112 448 1188 Legatis
472 1111 576 1169 deinde
594 1111 739 1168 sociorum
754 1111 851 1168 Latini
873 1109 1007 1180 nominis,
1029 1110 1079 1185 qui
1099 1118 1162 1167 toto
1179 1109 1337 1183 undiquel

262 1240 269 1277 ;
293 1219 390 1277 Latio
411 1217 578 1292 frequentes
600 1220 808 1286 convenerunt,
826 1226 944 1273 senatus
964 1216 1049 1274 dutus
1071 1225 1124 1276 est.
1158 1215 1214 1273 His
1236 1232 1305 1289 que·

263 1325 388 1394 ntibus,
421 1331 556 1398 magnam
579 1321 788 1378 multitudinem
811 1322 917 1379 civium
942 1340 1059 1380 suorum
1081 1323 1205 1380 Romam
1227 1339 1306 1378 com·
1400 1375 1403 1383 ,

263 1432 385 1506 igrasse
417 1440 446 1487 et
477 1428 517 1485 ibi
549 1446 664 1515 censos·
685 1445 763 1497 essa,
795 1427 832 1500 Q.
854 1429 993 1486 Terentio
1026 1426 1158 1486 Culleoni
1190 1427 1337 1504 praetorib

262 1538 390 1613 egotium
413 1537 512 1593 datum
536 1543 589 1603 est,
611 1542 643 1589 ut
666 1550 717 1590 eos
735 1534 918 1607 conquireret
939 1544 976 1605 et,
1008 1552 1093 1609 quem
1117 1532 1151 1593 0.
1173 1532 1307 1605 Claudio,

262 1643 282 1701 l.
306 1643 396 1701 Livio
427 1640 596 1698 censoribus
628 1648 733 1713 postve
766 1657 816 1695 eos
849 1658 983 1697 censores
1004 1640 1099 1715 ipsum
1120 1649 1307 1716 parentemve

262 1749 305 1807 ius
327 1749 407 1824 apud
428 1766 461 1805 se
481 1764 599 1802 censum
622 1762 686 1801 esse
714 1746 888 1820 probassent
912 1745 999 1814 socii,
1013 1813 1016 1819 ³
1032 1755 1063 1803 ut
1086 1745 1180 1803 redire
1201 1766 1235 1803 eo
1258 1764 1307 1804 co·

262 1864 342 1926 eret,
373 1853 424 1911 ubi
456 1852 535 1909 censi
568 1861 673 1909 essent.
720 1852 787 1908 Hac
813 1852 1023 1927 conquisitione
1044 1852 1194 1910 duodecim
1217 1852 1338 1919 millite

262 1959 417 2017 latinorum
431 1959 535 2015 domos
550 1958 705 2027 redierunt,
726 1957 784 2013 iam
806 1967 865 2013 tum
888 1959 1067 2016 multitudine
1082 1958 1308 2034 alienigenarum
1396 1965 1407 2010 .“

262 2066 346 2124 urbem
367 2075 515 2124 onerante.
570 2105 579 2138 ,

329 2173 505 2246 Priusquam
528 2170 661 2252 consules
682 2170 807 2227 redirent
837 2170 977 2237 Romam,
1011 2170 1052 2228 M.
1087 2167 1208 2226 Fulvius
1237 2186 1306 2244 pro·
1380 2152 1403 2225 4

262 2277 346 2334 consul
367 2297 406 2335 ex
426 2277 542 2335 AEtolia
563 2276 664 2345 rediit3
695 2276 778 2349 isque
800 2275 948 2347 adsedem
972 2274 1117 2351 Apollinis
1146 2274 1176 2331 in
1204 2276 1338 2332 senatui

262 2396 335 2453 {uum
358 2384 504 2441 derebus
527 2383 556 2440 in
577 2382 692 2440 AEtolia
713 2380 961 2458 Cephalleniaque
993 2382 1029 2439 ab
1064 2400 1096 2438 se
1127 2382 1216 2457 gestis
1248 2380 1307 2437 dis·

262 2488 391 2560 uouisset,
425 2489 508 2564 petiit
529 2509 547 2547 a
568 2488 709 2565 patribus,
741 2497 782 2558 ut,
815 2491 842 2546 si
860 2506 974 2563 aequum
997 2498 1154 2558 censerent,
1187 2488 1306 2546 obrem

262 2593 393 2653 rubueam
415 2596 490 2653 bene
512 2614 547 2653 ac
568 2595 690 2652 feliciter
707 2603 819 2669 gestam
847 2606 876 2651 et
898 2596 952 2652 diis
979 2595 1190 2652 immortalibus
1214 2582 1307 2651 hono}

262 2709 309 2756 *em
329 2701 433 2758 haberi
452 2700 584 2759 iuberent
606 2711 635 2757 et
657 2700 713 2758 sibi
734 2701 910 2775 triumphum
933 2700 1126 2761 decernerent
1159 2702 1202 2760 M.
1224 2701 1339 2765 Abu-3

262 2797 308 2862 ius
327 2807 459 2864 tribunus
483 2807 585 2882 plebis,
607 2806 631 2862 si
653 2807 722 2880 quid
744 2807 780 2863 de
802 2826 837 2863 eu
857 2827 890 2865 re
911 2816 977 2865 unte
991 2807 1032 2867 M.
1047 2807 1162 2865 AEmilii
1183 2805 1309 2864 consulis

262 2902 404 2970 dventum
420 2913 639 2980 decerneretur,
670 2912 891 2970 intercessurum
923 2931 955 2970 se
983 2912 1122 2981 ostendit;
1151 2930 1216 2969 enm
1238 2923 1339 2977 con-4
1406 2944 1416 2952 -

1488 2580 1496 2607 Ι

262 3001 391 3077 adicere
409 3018 494 3089 velle,
525 3015 811 3094 proficiscentemque
834 3019 864 3075 in
886 3019 1065 3094 provinciam
1086 3017 1128 3074 ita
1149 3017 1205 3075 sibi
1225 3036 1308 3098 man·

264 3133 341 3194 tlese,
363 3124 406 3180 uti
428 3142 463 3180 ea
485 3123 656 3199 disceptatio
679 3123 792 3198 integra
808 3124 837 3180 in
857 3116 1013 3181 adventum
1030 3143 1112 3182 suunt
1128 3134 1308 3196 servaretur3

262 3217 383 3287 'ulvium
417 3230 557 3303 temporis
585 3230 726 3286 iacturam
759 3227 870 3298 facere,
887 3239 1034 3292 ¹senatum
1068 3231 1155 3286 etiam
1190 3230 1309 3288 consule

262 3342 398 3405 l‘aeesnte,
421 3335 499 3409 quod
521 3333 621 3404 vellet,
658 3334 848 3392 decreturum.
898 3334 966 3392 Tam
987 3335 1123 3406 Fulvius,
1147 3330 1171 3393 si
1195 3345 1245 3394 aut
1266 3336 1339 3400 si-5

262 3440 352 3498 ¹ultas
373 3441 417 3500 M.
440 3416 555 3500 AEmilii
580 3459 677 3497 secum
708 3439 808 3516 ignota
831 3440 996 3498 hominibus
1018 3451 1094 3499 esset
1126 3452 1190 3514 aut,
1219 3461 1308 3517 quam

263 3573 264 3585 ¹
292 3567 343 3605 eas
363 3546 529 3604 inimicitias
551 3546 700 3621 impotenti
724 3565 758 3602 ac
775 3565 867 3622 prope
882 3548 962 3622 regia
975 3547 1019 3605 ira
1034 3558 1189 3619 exerceret,
1211 3557 1340 3614 ternanti

262 3649 307 3710 0'11
330 3653 422 3712 fuisse
445 3652 606 3722 ferendum,
628 3652 775 3709 absentem
798 3654 944 3709 consulem
969 3664 996 3709 et
1018 3653 1137 3710 deorum
1159 3654 1308 3714 immorta-

262 3765 316 3816 ¹1m
337 3758 443 3817 honori
465 3759 582 3816 obstare
604 3768 632 3815 et
653 3759 783 3816 meritum
799 3758 985 3830 debitumque
1000 3757 1176 3833 triumphum
1191 3761 1310 3833 morari,

262 3873 463 3940 operatorem,
482 3865 568 3921 rebus
591 3865 706 3940 egregie
727 3864 825 3939 gestis,
843 3864 1041 3938 victoremque
1063 3865 1218 3924 exercitum
1242 3876 1338 3930 cumi

262 3971 346 4027 raeda
368 3979 397 4026 et
418 3968 541 4046 captivis
566 3980 632 4026 ante
659 3979 759 4045 portas
793 3979 887 4040 stare,
919 3970 1011 4025 donec
1043 3971 1153 4029 consuli
1185 3973 1223 4029 ob
1252 3975 1309 4031 hoc

262 4088 342 4134 teum
360 4077 487 4134 moranti
508 4076 607 4133 redire'
622 4077 747 4133 Romam
771 4074 882 4131 libitum
905 4086 989 4135 esset.
1030 4076 1141 4133 Verum
1162 4077 1339 4142 enimvero8

262 4190 335 4240 Qum
368 4180 427 4239 sint
456 4181 613 4239 notissimae
645 4181 699 4238 sibi
732 4199 796 4238 cum
824 4182 941 4240 consule
969 4181 1139 4255 inimicitia,
1173 4185 1243 4259 quid
1271 4188 1309 4244 ab

262 4295 276 4333 ὓ
304 4306 483 4365 quemqnam
508 4305 595 4363 posse
625 4287 699 4362 aequi
722 4295 905 4362 exspectare,
939 4288 989 4362 qui
1015 4307 1067 4363 per
1087 4287 1309 4364 infrequentiam
