3484 5025
384 515 422 571 ²0
645 512 723 563 moer
739 511 842 566 ml.
879 513 924 576 (a
938 528 963 561 u.
977 527 1000 565 e.
1013 514 1086 575 sot.)

341 698 448 772 templo
481 697 626 773 profectus
658 715 743 755 cursu
778 716 870 773 prope
903 696 1070 757 Chalcidem
1104 698 1265 765 contendit,
1304 696 1394 754 haud·

310 807 488 878 dquaquam
510 802 614 860 dubius
636 802 761 878 opprimi
781 805 930 862 Romanos
953 824 1049 881 posse.
1105 807 1136 862 A
1163 807 1223 877 qua
1244 802 1395 859 destitutus

341 927 403 984 spe,
424 926 477 965 nec
502 909 655 983 quiequam
676 908 754 965 alind
776 927 863 983 quam
886 910 924 968 ad
944 911 1073 969 deforme
1094 909 1290 986 spectaculum
1312 906 1395 964 semi·

341 1025 413 1072 rutae
434 1033 468 1071 ac
489 1013 627 1071 fumantis
647 1014 733 1071 socia
754 1015 832 1074 urbis
855 1034 942 1090 quum
964 1018 1098 1087 venisset,
1135 1015 1235 1091 paucis
1267 1015 1327 1085 vix,
1350 1014 1396 1089 qui

342 1119 495 1195 sepelirent
515 1119 590 1177 bello
614 1122 792 1196 absumptos,
819 1121 940 1192 relictis,
961 1141 1042 1197 aeque
1061 1123 1177 1198 raptim,
1205 1139 1241 1177 ac
1270 1130 1396 1189 venunt

342 1237 538 1301 transgressus
559 1237 647 1301 ponte
668 1228 808 1301 Euripum
831 1247 883 1302 per
904 1227 1046 1285 Boeotiam
1069 1230 1201 1285 Athenas
1225 1227 1314 1297 ducit,
1336 1225 1395 1301 pari

312 1329 330 1383 4
343 1332 456 1406 incepto
472 1332 551 1388 haud
569 1332 712 1407 disparem
732 1342 864 1389 eventum
880 1345 960 1389 ratus
974 1351 1187 1408 responsurum.
1225 1333 1266 1389 Et
1279 1350 1399 1407 respon·-

344 1439 441 1506 disset‚
469 1438 498 1495 ni
523 1438 686 1513 speculator
709 1439 955 1510 (hemerodromos
977 1448 1083 1497 vocant
1104 1438 1210 1508 Graeci,
1228 1439 1331 1513 ingens
1353 1435 1394 1493 die

343 1564 400 1600 uno
421 1562 506 1601 cursu
528 1544 693 1600 emetientes
714 1545 862 1618 spatium),
885 1545 1094 1619 contemplatus
1116 1545 1226 1619 regium
1238 1561 1343 1617 agmen
1361 1559 1394 1600 ex

343 1649 461 1724 specula
483 1649 617 1724 quadam,
640 1668 814 1724 praegressus
837 1660 921 1706 nocte
942 1650 1036 1707 media
1058 1651 1189 1707 Athenas
1210 1648 1390 1724 pervenisset.

314 1752 422 1813 5ldern
446 1756 487 1812 ibi
508 1773 626 1813 somnus
648 1756 807 1829 eademque
836 1756 1009 1830 negligentia
1041 1766 1112 1825 erat,
1145 1773 1209 1828 quae
1231 1753 1390 1812 Chalcidem

248 1855 250 1868 '
314 1857 405 1916 bdies
427 1875 494 1917 ante
517 1878 626 1933 paucos
647 1861 822 1935 prodiderat.
866 1862 994 1919 Excitati
1010 1863 1109 1919 nuntio
1124 1861 1236 1935 trepido
1252 1871 1281 1917 et
1294 1871 1392 1935 pretor

345 1966 564 2022 Atheniensium
587 1976 616 2021 et
636 1967 811 2041 Dioxippus,
833 1966 984 2042 praefectus
1014 1968 1139 2025 cohortis
1170 1967 1303 2024 mercede
1324 1964 1391 2023 mili·
1425 1947 1427 1956 Ι

346 2071 466 2127 cantium
488 2072 670 2141 auxiliorum,
692 2074 859 2130 convocatis
880 2074 909 2130 in
923 2074 1018 2131 forum
1034 2074 1179 2143 militibus,
1201 2074 1272 2129 tuba
1286 2072 1390 2147 signum

317 2181 382 2233 lex
408 2196 475 2234 arce
496 2178 559 2234 dari
588 2178 701 2249 iubent,
735 2188 766 2234 ut
792 2180 890 2235 hostes
919 2181 1021 2237 adesse
1048 2198 1147 2251 omnes
1182 2179 1297 2235 scirent.
1351 2180 1396 2235 lta>

261 2315 263 2319 ·
347 2284 472 2358 undique
497 2285 664 2359 adportas,
687 2286 724 2341 ad
747 2304 844 2341 muros
866 2285 1036 2345 discurrunt.
1083 2287 1198 2343 Paucas
1222 2296 1290 2359 post
1313 2286 1394 2342 hera·

346 2390 514 2466 Philippus,
548 2391 696 2464 aliquanto
711 2405 818 2465 ¹tamen
841 2404 908 2448 ante
929 2392 1035 2460 lucem,
1068 2391 1306 2466 appropinquans
1326 2387 1393 2459 urbi,

347 2497 507 2571 conspectis
528 2497 681 2554 luminibus
703 2497 811 2555 crebris
833 2507 861 2554 et
882 2496 997 2555 fremitu
1020 2497 1166 2555 hominum
1187 2496 1389 2572 trepidantium,

316 2607 378 2661 8ut
398 2602 427 2658 in
449 2603 499 2658 tali
521 2604 659 2673 tumultu,
688 2604 824 2659 exaudito
851 2605 986 2661 sustinuit
1015 2604 1098 2678 signa
1129 2612 1158 2658 et
1189 2602 1337 2659 considere
1362 2617 1389 2658 at

346 2707 547 2780 conquiescere
569 2727 672 2783 agmen
694 2709 786 2779 iussit,
807 2710 836 2765 vi
858 2721 959 2785 aperta
982 2709 1133 2784 propalam
1151 2726 1263 2776 usurus,
1286 2707 1392 2782 quando.

314 2818 448 2887 9parnm
470 2813 553 2870 dolus
572 2815 729 2888 profuerat.
772 2816 822 2872 Ab
837 2815 946 2890 Dipylo
969 2815 1097 2872 accessit.
1143 2816 1235 2871 Porta
1258 2834 1302 2883 ea,
1323 2813 1387 2870 velot
1425 2856 1427 2883 Ξ

347 2916 375 2972 in
401 2936 450 2973 ore
471 2918 548 2974 urbis
571 2922 675 2995 posita,
697 2923 790 2978 maior
809 2921 958 2994 aliquanto
976 2921 1177 2996 patentiorque
1199 2939 1286 2994 quarn
1302 2928 1388 2977 ceum
1423 2948 1427 3009 Ι·

348 3033 405 3090 est,
439 3031 467 3078 et
498 3023 573 3080 intra
606 3043 668 3081 eam
700 3039 841 3101 extraque
874 3028 940 3084 latae
968 3027 1022 3083 viae
1049 3036 1123 3095 sunt,
1153 3036 1185 3080 ut
1213 3037 1241 3082 et
1266 3018 1388 3100 oppidani
1423 3048 1427 3117 q

298 3135 334 3190 10
348 3128 471 3203 dirigere
495 3129 586 3186 aciem
609 3149 627 3186 a
649 3131 714 3187 foro
735 3133 774 3188 ad
797 3143 911 3207 portam
933 3143 1060 3208 possent,
1082 3141 1110 3188 et
1131 3141 1215 3187 extra
1229 3131 1311 3188 limes
1326 3126 1388 3186 mitta

347 3233 438 3291 ferme
460 3254 563 3309 passus
584 3236 702 3311 longus,
731 3237 759 3293 in
781 3238 950 3295 Academia
970 3237 1151 3313 gymnasium
1174 3237 1285 3308 ferens,
1315 3229 1388 3312 pediti

349 3339 495 3414 equitique
516 3341 641 3398 hostium
663 3343 783 3399 liberum
806 3343 931 3418 spatium
954 3345 1102 3419 praeberet.
1143 3344 1189 3400 Eo
1206 3343 1296 3401 limite
1310 3341 1389 3400 Ache·
1420 3352 1427 3435 ἰ

348 3446 461 3502 nienses
483 3464 547 3503 cum
569 3448 663 3505 Attali
685 3448 818 3523 praesidio
852 3463 880 3506 et
909 3452 1027 3507 cohorte
1048 3449 1204 3524 Dioxippi,
1237 3449 1299 3506 acie
1327 3448 1391 3505 inm
1422 3440 1427 3519 1,

299 3552 331 3607 11
348 3563 463 3627 portam
485 3554 633 3621 instructa,
655 3554 738 3629 signa
760 3554 931 3612 extulerunt.
975 3556 1060 3629 Quod
1082 3555 1131 3612 ubi
1154 3555 1307 3630 Philippus
1323 3547 1393 3613 vidit,
1425 3562 1427 3569 '

349 3660 457 3716 habere
474 3679 509 3716 se
530 3661 627 3716 hostes
649 3660 679 3716 in
699 3671 843 3735 potestate
864 3672 945 3718 ratus
968 3671 997 3717 et
1020 3661 1068 3718 diu
1090 3670 1192 3735 optata
1207 3662 1285 3717 caede
1300 3659 1402 3736 (neqU-

350 3764 425 3820 enim
459 3765 509 3821 ulli
542 3766 710 3823 Graecmum
745 3767 904 3824 civitatium
940 3768 1072 3825 infestior
1106 3769 1179 3839 erat)
1215 3768 1405 3842 expleturumr

300 3868 336 3925 12
351 3873 518 3928 cohortatus
540 3872 658 3942 milites,
687 3881 720 3929 ut
747 3891 779 3928 se
809 3873 950 3930 intuentes
973 3884 1134 3948 pugnarent
1156 3873 1333 3949 scirentque,
1358 3860 1409 3925 ibi·

350 3978 448 4052 signa,
481 3978 521 4035 ibi
543 3977 634 4034 aciem
655 3997 718 4035 esse
739 3980 859 4049 debere,
890 3980 940 4037 ubi
960 3999 1013 4036 rex
1034 3991 1124 4050 esset,
1146 3981 1272 4037 concitat
1292 3990 1403 4054 equanto

303 4083 410 4141 13non
430 4086 475 4140 ira
496 4095 617 4153 tantum,
638 4085 689 4141 sed
712 4085 798 4142 etiam
827 4086 921 4160 gloria
949 4085 1055 4152 elatus,
1077 4085 1164 4158 quod,
1191 4085 1301 4160 ingenti
1322 4080 1420 4141 turb*-

352 4189 502 4265 completis
524 4189 611 4246 etiam
634 4191 672 4246 ad
693 4191 887 4266 spectaculum
910 4189 1009 4259 muris,
1031 4191 1156 4265 conspici
1179 4209 1210 4247 se
1231 4196 1427 4266 pugnantia,

302 4297 337 4350 14
352 4296 499 4370 egregium
531 4297 662 4356 ducebat.
722 4297 913 4372 Aliquantum
945 4306 1011 4353 ante
1044 4296 1136 4353 aciem
1168 4315 1232 4353 oum
1265 4295 1416 4372 equitibu⁶
