<?xml version="1.0" encoding="UTF-8"?>
<!DOCTYPE html PUBLIC "-//W3C//DTD XHTML 1.0 Transitional//EN"
    "http://www.w3.org/TR/xhtml1/DTD/xhtml1-transitional.dtd">
<html xmlns="http://www.w3.org/1999/xhtml" xml:lang="en" lang="en">
 <head>
  <title>
</title>
<meta http-equiv="Content-Type" content="text/html;charset=utf-8" />
  <meta name='ocr-system' content='tesseract 3.04.00' />
  <meta name='ocr-capabilities' content='ocr_page ocr_carea ocr_par ocr_line ocrx_word'/>
</head>
<body>
  <div class='ocr_page' id='page_1' title='image "./titiliviihistor00ussigoog_0270.png"; bbox 0 0 3484 5025; ppageno 0'>
   <div class='ocr_carea' id='block_1_1' title="bbox 949 483 969 526">
    <p class='ocr_par' dir='ltr' id='par_1_1' title="bbox 949 483 969 526">
     <span class='ocr_line' id='line_1_1' title="bbox 949 483 969 526; baseline 0 0"><span class='ocrx_word' id='word_1_1' title='bbox 949 483 969 526; x_wconf 71' lang='lat' dir='ltr'>X</span> 
     </span>
    </p>
   </div>
   <div class='ocr_carea' id='block_1_2' title="bbox 413 657 1483 4326">
    <p class='ocr_par' dir='ltr' id='par_1_2' title="bbox 426 657 1483 2070">
     <span class='ocr_line' id='line_1_2' title="bbox 432 657 1482 740; baseline 0.006 -22"><span class='ocrx_word' id='word_1_2' title='bbox 432 661 504 735; x_wconf 74' lang='lat' dir='ltr'><strong><em>(Mo.</em></strong></span> <span class='ocrx_word' id='word_1_3' title='bbox 528 661 589 720; x_wconf 76' lang='lat' dir='ltr'><strong><em>Era.</em></strong></span> <span class='ocrx_word' id='word_1_4' title='bbox 612 663 683 734; x_wconf 76' lang='grc'><strong><em>424)</em></strong></span> <span class='ocrx_word' id='word_1_5' title='bbox 748 663 908 732; x_wconf 81' lang='lat' dir='ltr'>XXXVI,</span> <span class='ocrx_word' id='word_1_6' title='bbox 940 665 957 720; x_wconf 84' lang='lat'><strong>2</strong></span> <span class='ocrx_word' id='word_1_7' title='bbox 986 663 1137 740; x_wconf 82' lang='lat' dir='ltr'><strong><em>(Scriptum</em></strong></span> <span class='ocrx_word' id='word_1_8' title='bbox 1155 669 1279 740; x_wconf 65' lang='lat' dir='ltr'><strong><em>oporteat</em></strong></span> <span class='ocrx_word' id='word_1_9' title='bbox 1305 685 1358 724; x_wconf 75' lang='lat' dir='ltr'><strong><em>eon</em></strong></span> <span class='ocrx_word' id='word_1_10' title='bbox 1385 657 1430 726; x_wconf 75' lang='lat' dir='ltr'><strong><em>vel</em></strong></span> <span class='ocrx_word' id='word_1_11' title='bbox 1451 667 1482 724; x_wconf 81' lang='lat' dir='ltr'><strong><em>de</em></strong></span> 
     </span>
     <span class='ocr_line' id='line_1_3' title="bbox 431 746 1481 823; baseline 0.008 -23"><span class='ocrx_word' id='word_1_12' title='bbox 431 764 506 802; x_wconf 82' lang='lat' dir='ltr'><strong><em>mun.</em></strong></span> <span class='ocrx_word' id='word_1_13' title='bbox 529 765 562 802; x_wconf 81' lang='lat' dir='ltr'><strong><em>eo</em></strong></span> <span class='ocrx_word' id='word_1_14' title='bbox 583 747 620 802; x_wconf 87' lang='lat' dir='ltr'><em>M</em></span> <span class='ocrx_word' id='word_1_15' title='bbox 639 757 664 803; x_wconf 84' lang='lat' dir='ltr'><strong><em>et</em></strong></span> <span class='ocrx_word' id='word_1_16' title='bbox 684 750 846 804; x_wconf 82' lang='lat' dir='ltr'><strong><em>correctione</em></strong></span> <span class='ocrx_word' id='word_1_17' title='bbox 866 746 916 822; x_wconf 90' lang='lat' dir='ltr'><strong><em>B.)</em></strong></span> <span class='ocrx_word' id='word_1_18' title='bbox 968 750 985 804; x_wconf 80' lang='lat'><strong>3</strong></span> <span class='ocrx_word' id='word_1_19' title='bbox 1011 748 1056 805; x_wconf 88' lang='lat' dir='ltr'><strong><em>cui</em></strong></span> <span class='ocrx_word' id='word_1_20' title='bbox 1084 759 1187 823; x_wconf 79' lang='lat' dir='ltr'><strong><em>postea</em></strong></span> <span class='ocrx_word' id='word_1_21' title='bbox 1208 749 1286 812; x_wconf 82' lang='lat' dir='ltr'><strong><em>(cdd.</em></strong></span> <span class='ocrx_word' id='word_1_22' title='bbox 1308 759 1383 821; x_wconf 71' lang='lat' dir='ltr'><strong><em>eeu,</em></strong></span> <span class='ocrx_word' id='word_1_23' title='bbox 1412 749 1481 808; x_wconf 79' lang='lat' dir='ltr'><strong><em>codd.</em></strong></span> 
     </span>
     <span class='ocr_line' id='line_1_4' title="bbox 430 827 1482 908; baseline 0.007 -24"><span class='ocrx_word' id='word_1_24' title='bbox 430 827 522 885; x_wconf 75' lang='lat' dir='ltr'><strong><em>Dran.</em></strong></span> <span class='ocrx_word' id='word_1_25' title='bbox 544 840 640 886; x_wconf 83' lang='lat' dir='ltr'><strong><em>contra</em></strong></span> <span class='ocrx_word' id='word_1_26' title='bbox 659 831 698 901; x_wconf 89' lang='lat' dir='ltr'><strong><em>B)</em></strong></span> <span class='ocrx_word' id='word_1_27' title='bbox 741 830 889 887; x_wconf 74' lang='lat' dir='ltr'><strong><em>IAnIias</em></strong></span> <span class='ocrx_word' id='word_1_28' title='bbox 910 830 1045 888; x_wconf 75' lang='lat' dir='ltr'><strong><em>Valerius</em></strong></span> <span class='ocrx_word' id='word_1_29' title='bbox 1067 833 1132 905; x_wconf 87' lang='lat' dir='ltr'><strong><em>(M)</em></strong></span> <span class='ocrx_word' id='word_1_30' title='bbox 1178 829 1257 890; x_wconf 82' lang='grc'><strong><em>50.</em></strong></span> <span class='ocrx_word' id='word_1_31' title='bbox 1281 833 1482 908; x_wconf 77' lang='lat' dir='ltr'><strong><em>Licinius-(II)</em></strong></span> 
     </span>
     <span class='ocr_line' id='line_1_5' title="bbox 432 909 1482 990; baseline 0.009 -23"><span class='ocrx_word' id='word_1_32' title='bbox 432 916 446 967; x_wconf 99' lang='lat'><strong>7</strong></span> <span class='ocrx_word' id='word_1_33' title='bbox 472 909 536 990; x_wconf 81' lang='lat' dir='ltr'><strong><em>[eo]</em></strong></span> <span class='ocrx_word' id='word_1_34' title='bbox 560 915 657 970; x_wconf 84' lang='lat' dir='ltr'><strong><em>omnis</em></strong></span> <span class='ocrx_word' id='word_1_35' title='bbox 676 915 738 986; x_wconf 89' lang='lat' dir='ltr'><strong><em>(M)</em></strong></span> <span class='ocrx_word' id='word_1_36' title='bbox 782 913 938 985; x_wconf 82' lang='lat' dir='ltr'>XXXIX,</span> <span class='ocrx_word' id='word_1_37' title='bbox 960 916 977 970; x_wconf 79' lang='lat'><strong>2</strong></span> <span class='ocrx_word' id='word_1_38' title='bbox 1001 915 1098 971; x_wconf 86' lang='lat' dir='ltr'><strong><em>decem</em></strong></span> <span class='ocrx_word' id='word_1_39' title='bbox 1121 915 1201 972; x_wconf 82' lang='lat' dir='ltr'><strong><em>milio</em></strong></span> <span class='ocrx_word' id='word_1_40' title='bbox 1223 916 1290 988; x_wconf 84' lang='lat' dir='ltr'><strong><em>(M)</em></strong></span> <span class='ocrx_word' id='word_1_41' title='bbox 1343 921 1359 974; x_wconf 93' lang='lat'><strong>7</strong></span> <span class='ocrx_word' id='word_1_42' title='bbox 1383 917 1421 976; x_wconf 84' lang='lat' dir='ltr'><strong><em>ibi</em></strong></span> <span class='ocrx_word' id='word_1_43' title='bbox 1439 937 1482 976; x_wconf 79' lang='lat' dir='ltr'><strong><em>eu·</em></strong></span> 
     </span>
     <span class='ocr_line' id='line_1_6' title="bbox 429 995 1483 1072; baseline 0.009 -22"><span class='ocrx_word' id='word_1_44' title='bbox 429 1014 497 1052; x_wconf 89' lang='lat' dir='ltr'><strong><em>num</em></strong></span> <span class='ocrx_word' id='word_1_45' title='bbox 520 995 582 1071; x_wconf 88' lang='lat' dir='ltr'><strong><em>(M)</em></strong></span> <span class='ocrx_word' id='word_1_46' title='bbox 643 1001 678 1054; x_wconf 88' lang='grc'><strong><em>10</em></strong></span> <span class='ocrx_word' id='word_1_47' title='bbox 703 997 953 1072; x_wconf 80' lang='lat' dir='ltr'><strong><em>triumphaverunt</em></strong></span> <span class='ocrx_word' id='word_1_48' title='bbox 980 996 1073 1068; x_wconf 84' lang='lat' dir='ltr'><strong><em>(Oreo.</em></strong></span> <span class='ocrx_word' id='word_1_49' title='bbox 1106 998 1169 1057; x_wconf 83' lang='lat' dir='ltr'><strong><em>Vid.</em></strong></span> <span class='ocrx_word' id='word_1_50' title='bbox 1192 998 1258 1058; x_wconf 90' lang='lat' dir='ltr'><strong><em>Em.</em></strong></span> <span class='ocrx_word' id='word_1_51' title='bbox 1282 1000 1483 1071; x_wconf 76' lang='lat' dir='ltr'><strong><em>130,181n.</em></strong></span> 
     </span>
     <span class='ocr_line' id='line_1_7' title="bbox 430 1080 1482 1156; baseline 0.005 -20"><span class='ocrx_word' id='word_1_52' title='bbox 430 1081 509 1149; x_wconf 73' lang='lat'><em>410.)</em></span> <span class='ocrx_word' id='word_1_53' title='bbox 543 1081 626 1151; x_wconf 93' lang='lat' dir='ltr'>XLI,</span> <span class='ocrx_word' id='word_1_54' title='bbox 649 1087 666 1138; x_wconf 88' lang='lat'><strong>3</strong></span> <span class='ocrx_word' id='word_1_55' title='bbox 690 1081 764 1137; x_wconf 86' lang='lat' dir='ltr'><strong><em>enim</em></strong></span> <span class='ocrx_word' id='word_1_56' title='bbox 786 1084 844 1136; x_wconf 86' lang='lat' dir='ltr'><strong><em>sine</em></strong></span> <span class='ocrx_word' id='word_1_57' title='bbox 865 1085 941 1137; x_wconf 78' lang='lat' dir='ltr'><strong><em>erneis</em></strong></span> <span class='ocrx_word' id='word_1_58' title='bbox 963 1080 1152 1156; x_wconf 78' lang='lat' dir='ltr'><strong><em>(EdCamp.)</em></strong></span> <span class='ocrx_word' id='word_1_59' title='bbox 1194 1083 1299 1154; x_wconf 86' lang='lat' dir='ltr'>XLII,</span> <span class='ocrx_word' id='word_1_60' title='bbox 1323 1084 1482 1154; x_wconf 78' lang='lat' dir='ltr'><strong><em>8(conetre·</em></strong></span> 
     </span>
     <span class='ocr_line' id='line_1_8' title="bbox 430 1162 1482 1244; baseline 0.008 -27"><span class='ocrx_word' id='word_1_61' title='bbox 430 1163 465 1218; x_wconf 76' lang='lat' dir='ltr'><strong><em>tis</em></strong></span> <span class='ocrx_word' id='word_1_62' title='bbox 487 1162 626 1220; x_wconf 64' lang='lat' dir='ltr'><strong><em>Didenrs.</em></strong></span> <span class='ocrx_word' id='word_1_63' title='bbox 662 1163 749 1223; x_wconf 84' lang='lat' dir='ltr'><strong><em>Codd.</em></strong></span> <span class='ocrx_word' id='word_1_64' title='bbox 772 1173 797 1219; x_wconf 84' lang='lat' dir='ltr'><strong><em>et</em></strong></span> <span class='ocrx_word' id='word_1_65' title='bbox 817 1163 910 1219; x_wconf 82' lang='lat' dir='ltr'><strong><em>Drak.</em></strong></span> <span class='ocrx_word' id='word_1_66' title='bbox 938 1165 1083 1235; x_wconf 80' lang='lat' dir='ltr'><strong><em>rostratis)</em></strong></span> <span class='ocrx_word' id='word_1_67' title='bbox 1139 1165 1264 1235; x_wconf 82' lang='lat' dir='ltr'>XLIII,</span> <span class='ocrx_word' id='word_1_68' title='bbox 1291 1170 1301 1222; x_wconf 97' lang='grc'>1</span> <span class='ocrx_word' id='word_1_69' title='bbox 1332 1164 1421 1244; x_wconf 81' lang='lat' dir='ltr'><strong><em>[fere]</em></strong></span> <span class='ocrx_word' id='word_1_70' title='bbox 1439 1166 1482 1242; x_wconf 72' lang='grc'><strong><em>(1)</em></strong></span> 
     </span>
     <span class='ocr_line' id='line_1_9' title="bbox 431 1245 1481 1322; baseline 0.011 -22"><span class='ocrx_word' id='word_1_71' title='bbox 431 1251 447 1301; x_wconf 82' lang='grc'>3</span> <span class='ocrx_word' id='word_1_72' title='bbox 470 1255 584 1320; x_wconf 79' lang='lat' dir='ltr'><strong><em>poteret</em></strong></span> <span class='ocrx_word' id='word_1_73' title='bbox 607 1249 670 1314; x_wconf 85' lang='lat' dir='ltr'><strong><em>(M)</em></strong></span> <span class='ocrx_word' id='word_1_74' title='bbox 704 1245 707 1304; x_wconf 91' lang='lat'><strong>!</strong></span> <span class='ocrx_word' id='word_1_75' title='bbox 739 1247 813 1304; x_wconf 82' lang='lat' dir='ltr'><strong><em>redit</em></strong></span> <span class='ocrx_word' id='word_1_76' title='bbox 842 1248 916 1317; x_wconf 88' lang='lat' dir='ltr'><strong><em>(cdd.</em></strong></span> <span class='ocrx_word' id='word_1_77' title='bbox 938 1249 1014 1317; x_wconf 81' lang='lat' dir='ltr'><strong><em>cett.)</em></strong></span> <span class='ocrx_word' id='word_1_78' title='bbox 1051 1249 1085 1304; x_wconf 76' lang='lat'><strong><em>12</em></strong></span> <span class='ocrx_word' id='word_1_79' title='bbox 1110 1249 1321 1306; x_wconf 81' lang='lat' dir='ltr'><strong><em>adPhocaeam</em></strong></span> <span class='ocrx_word' id='word_1_80' title='bbox 1345 1251 1383 1307; x_wconf 84' lang='lat' dir='ltr'><strong><em>ad</em></strong></span> <span class='ocrx_word' id='word_1_81' title='bbox 1406 1251 1481 1322; x_wconf 65' lang='lat' dir='ltr'><strong><em>(Dei.</em></strong></span> 
     </span>
     <span class='ocr_line' id='line_1_10' title="bbox 431 1329 1482 1406; baseline 0.007 -22"><span class='ocrx_word' id='word_1_82' title='bbox 431 1329 517 1384; x_wconf 82' lang='lat' dir='ltr'><strong><em>Codd.</em></strong></span> <span class='ocrx_word' id='word_1_83' title='bbox 549 1349 567 1387; x_wconf 80' lang='lat' dir='ltr'><strong><em>a</em></strong></span> <span class='ocrx_word' id='word_1_84' title='bbox 595 1331 720 1388; x_wconf 80' lang='lat' dir='ltr'><strong><em>Phocaee</em></strong></span> <span class='ocrx_word' id='word_1_85' title='bbox 747 1329 797 1405; x_wconf 81' lang='lat' dir='ltr'><strong><em>ad)</em></strong></span> <span class='ocrx_word' id='word_1_86' title='bbox 860 1334 894 1387; x_wconf 86' lang='grc'><strong><em>13</em></strong></span> <span class='ocrx_word' id='word_1_87' title='bbox 927 1331 1052 1406; x_wconf 77' lang='lat' dir='ltr'><strong><em>(uentum</em></strong></span> <span class='ocrx_word' id='word_1_88' title='bbox 1081 1333 1208 1406; x_wconf 75' lang='lat' dir='ltr'>quiaque</span> <span class='ocrx_word' id='word_1_89' title='bbox 1237 1332 1330 1390; x_wconf 59' lang='lat' dir='ltr'><strong><em>Perre.</em></strong></span> <span class='ocrx_word' id='word_1_90' title='bbox 1362 1333 1482 1392; x_wconf 69' lang='lat' dir='ltr'><strong><em>Gadda(</em></strong></span> 
     </span>
     <span class='ocr_line' id='line_1_11' title="bbox 429 1412 1480 1489; baseline 0.007 -21"><span class='ocrx_word' id='word_1_91' title='bbox 429 1412 520 1473; x_wconf 73' lang='lat' dir='ltr'><strong><em>Drak.</em></strong></span> <span class='ocrx_word' id='word_1_92' title='bbox 543 1426 655 1471; x_wconf 85' lang='lat' dir='ltr'><strong><em>centum</em></strong></span> <span class='ocrx_word' id='word_1_93' title='bbox 679 1414 901 1489; x_wconf 79' lang='lat' dir='ltr'><strong><em>quinquaginta)</em></strong></span> <span class='ocrx_word' id='word_1_94' title='bbox 945 1414 1060 1483; x_wconf 86' lang='lat' dir='ltr'>XLIV,</span> <span class='ocrx_word' id='word_1_95' title='bbox 1084 1418 1100 1470; x_wconf 89' lang='lat'><strong>3</strong></span> <span class='ocrx_word' id='word_1_96' title='bbox 1123 1413 1185 1472; x_wconf 81' lang='lat' dir='ltr'><strong><em>fere</em></strong></span> <span class='ocrx_word' id='word_1_97' title='bbox 1202 1416 1269 1484; x_wconf 89' lang='lat' dir='ltr'><strong><em>(M)</em></strong></span> <span class='ocrx_word' id='word_1_98' title='bbox 1326 1421 1344 1474; x_wconf 75' lang='lat'><strong>4</strong></span> <span class='ocrx_word' id='word_1_99' title='bbox 1368 1417 1480 1474; x_wconf 80' lang='lat' dir='ltr'><strong>maxim</strong></span> 
     </span>
     <span class='ocr_line' id='line_1_12' title="bbox 429 1497 1478 1568; baseline 0.006 -16"><span class='ocrx_word' id='word_1_100' title='bbox 429 1497 522 1568; x_wconf 87' lang='lat' dir='ltr'><strong><em>(codd.</em></strong></span> <span class='ocrx_word' id='word_1_101' title='bbox 540 1499 640 1568; x_wconf 88' lang='lat' dir='ltr'><strong><em>omnes)</em></strong></span> <span class='ocrx_word' id='word_1_102' title='bbox 687 1503 703 1552; x_wconf 80' lang='lat'>5</span> <span class='ocrx_word' id='word_1_103' title='bbox 727 1515 826 1555; x_wconf 79' lang='lat' dir='ltr'><strong><em>naves.</em></strong></span> <span class='ocrx_word' id='word_1_104' title='bbox 850 1498 983 1554; x_wconf 77' lang='lat' dir='ltr'><strong><em>omnibus</em></strong></span> <span class='ocrx_word' id='word_1_105' title='bbox 1006 1541 1013 1554; x_wconf 89' lang='lat'><strong>.</strong></span> <span class='ocrx_word' id='word_1_106' title='bbox 1037 1540 1043 1554; x_wconf 92' lang='lat'><em>.</em></span> <span class='ocrx_word' id='word_1_107' title='bbox 1068 1541 1075 1555; x_wconf 87' lang='lat'><strong>.</strong></span> <span class='ocrx_word' id='word_1_108' title='bbox 1099 1507 1181 1555; x_wconf 85' lang='lat' dir='ltr'><strong><em>orant</em></strong></span> <span class='ocrx_word' id='word_1_109' title='bbox 1209 1499 1376 1566; x_wconf 70' lang='lat' dir='ltr'><strong><em>ducePun.</em></strong></span> <span class='ocrx_word' id='word_1_110' title='bbox 1403 1517 1478 1558; x_wconf 66' lang='lat' dir='ltr'><strong><em>aava</em></strong></span> 
     </span>
     <span class='ocr_line' id='line_1_13' title="bbox 429 1581 1478 1660; baseline 0.005 -24"><span class='ocrx_word' id='word_1_111' title='bbox 429 1613 467 1622; x_wconf 89' lang='lat'>—</span> <span class='ocrx_word' id='word_1_112' title='bbox 487 1581 616 1637; x_wconf 79' lang='lat' dir='ltr'>anteced.</span> <span class='ocrx_word' id='word_1_113' title='bbox 640 1583 724 1639; x_wconf 83' lang='lat' dir='ltr'><strong><em>Rom.</em></strong></span> <span class='ocrx_word' id='word_1_114' title='bbox 747 1581 867 1637; x_wconf 81' lang='lat' dir='ltr'>classem</span> <span class='ocrx_word' id='word_1_115' title='bbox 882 1614 930 1651; x_wconf 90' lang='lat'>-,</span> <span class='ocrx_word' id='word_1_116' title='bbox 953 1581 1154 1655; x_wconf 83' lang='lat' dir='ltr'><strong><em>quibus(1um</em></strong></span> <span class='ocrx_word' id='word_1_117' title='bbox 1178 1601 1270 1639; x_wconf 89' lang='lat' dir='ltr'><strong><em>omnes</em></strong></span> <span class='ocrx_word' id='word_1_118' title='bbox 1288 1584 1372 1640; x_wconf 87' lang='lat' dir='ltr'><strong><em>codd.</em></strong></span> <span class='ocrx_word' id='word_1_119' title='bbox 1390 1593 1478 1660; x_wconf 73' lang='lat' dir='ltr'><strong><em>pram</em></strong></span> 
     </span>
     <span class='ocr_line' id='line_1_14' title="bbox 428 1661 1477 1738; baseline 0.006 -20"><span class='ocrx_word' id='word_1_120' title='bbox 428 1664 464 1722; x_wconf 92' lang='lat' dir='ltr'><strong><em>B.</em></strong></span> <span class='ocrx_word' id='word_1_121' title='bbox 508 1661 573 1719; x_wconf 91' lang='lat' dir='ltr'><strong><em>Non</em></strong></span> <span class='ocrx_word' id='word_1_122' title='bbox 593 1673 665 1721; x_wconf 77' lang='lat' dir='ltr'><strong><em>recte</em></strong></span> <span class='ocrx_word' id='word_1_123' title='bbox 686 1665 828 1738; x_wconf 79' lang='lat' dir='ltr'><strong><em>disputavi</em></strong></span> <span class='ocrx_word' id='word_1_124' title='bbox 848 1664 913 1721; x_wconf 87' lang='lat' dir='ltr'><strong><em>Em.</em></strong></span> <span class='ocrx_word' id='word_1_125' title='bbox 936 1667 1004 1723; x_wconf 73' lang='grc'><strong><em>425,</em></strong></span> <span class='ocrx_word' id='word_1_126' title='bbox 1064 1665 1186 1721; x_wconf 87' lang='lat' dir='ltr'><strong><em>Punicas</em></strong></span> <span class='ocrx_word' id='word_1_127' title='bbox 1213 1685 1299 1723; x_wconf 87' lang='lat' dir='ltr'><strong><em>naves</em></strong></span> <span class='ocrx_word' id='word_1_128' title='bbox 1321 1670 1477 1726; x_wconf 73' lang='lat' dir='ltr'><strong><em>annonem</em></strong></span> 
     </span>
     <span class='ocr_line' id='line_1_15' title="bbox 429 1747 1474 1826; baseline 0.005 -25"><span class='ocrx_word' id='word_1_129' title='bbox 429 1747 577 1803; x_wconf 78' lang='lat' dir='ltr'><strong><em>nomndum</em></strong></span> <span class='ocrx_word' id='word_1_130' title='bbox 599 1758 666 1814; x_wconf 80' lang='lat' dir='ltr'><strong><em>erat,</em></strong></span> <span class='ocrx_word' id='word_1_131' title='bbox 689 1768 741 1804; x_wconf 90' lang='lat' dir='ltr'><strong><em>non</em></strong></span> <span class='ocrx_word' id='word_1_132' title='bbox 762 1751 791 1804; x_wconf 89' lang='lat' dir='ltr'><strong><em>in</em></strong></span> <span class='ocrx_word' id='word_1_133' title='bbox 812 1758 954 1822; x_wconf 81' lang='lat' dir='ltr'><strong><em>conspectu</em></strong></span> <span class='ocrx_word' id='word_1_134' title='bbox 968 1750 1068 1820; x_wconf 82' lang='lat' dir='ltr'><strong><em>fuisse.</em></strong></span> <span class='ocrx_word' id='word_1_135' title='bbox 1116 1749 1255 1806; x_wconf 84' lang='lat' dir='ltr'><strong><em>Eummes</em></strong></span> <span class='ocrx_word' id='word_1_136' title='bbox 1275 1760 1342 1808; x_wconf 84' lang='lat' dir='ltr'><strong><em>ante</em></strong></span> <span class='ocrx_word' id='word_1_137' title='bbox 1360 1753 1474 1826; x_wconf 78' lang='lat' dir='ltr'><strong><em>prorim&#39;r</em></strong></span> 
     </span>
     <span class='ocr_line' id='line_1_16' title="bbox 426 1832 1471 1908; baseline 0.006 -24"><span class='ocrx_word' id='word_1_138' title='bbox 426 1832 454 1885; x_wconf 84' lang='lat' dir='ltr'><strong><em>in</em></strong></span> <span class='ocrx_word' id='word_1_139' title='bbox 476 1840 618 1904; x_wconf 82' lang='lat' dir='ltr'><strong><em>conspectu</em></strong></span> <span class='ocrx_word' id='word_1_140' title='bbox 632 1834 738 1904; x_wconf 84' lang='lat' dir='ltr'><strong><em>suerat,</em></strong></span> <span class='ocrx_word' id='word_1_141' title='bbox 761 1849 830 1887; x_wconf 86' lang='lat' dir='ltr'><strong><em>nunc</em></strong></span> <span class='ocrx_word' id='word_1_142' title='bbox 851 1833 989 1901; x_wconf 81' lang='lat' dir='ltr'><strong><em>omnibus,</em></strong></span> <span class='ocrx_word' id='word_1_143' title='bbox 1012 1835 1091 1888; x_wconf 79' lang='lat' dir='ltr'><strong><em>etium</em></strong></span> <span class='ocrx_word' id='word_1_144' title='bbox 1113 1832 1236 1888; x_wconf 76' lang='lat' dir='ltr'><strong><em>hostibus</em></strong></span> <span class='ocrx_word' id='word_1_145' title='bbox 1257 1839 1342 1904; x_wconf 88' lang='lat' dir='ltr'><strong><em>erat.)</em></strong></span> <span class='ocrx_word' id='word_1_146' title='bbox 1387 1839 1402 1892; x_wconf 92' lang='lat'><strong>7</strong></span> <span class='ocrx_word' id='word_1_147' title='bbox 1423 1849 1471 1908; x_wconf 72' lang='lat' dir='ltr'><strong><em>que</em></strong></span> 
     </span>
     <span class='ocr_line' id='line_1_17' title="bbox 427 1912 1466 1992; baseline 0.002 -22"><span class='ocrx_word' id='word_1_148' title='bbox 427 1914 490 1989; x_wconf 81' lang='lat' dir='ltr'><strong><em>pari</em></strong></span> <span class='ocrx_word' id='word_1_149' title='bbox 514 1915 578 1988; x_wconf 90' lang='lat' dir='ltr'><strong><em>(M)</em></strong></span> <span class='ocrx_word' id='word_1_150' title='bbox 626 1920 657 1972; x_wconf 93' lang='grc'><strong><em>11</em></strong></span> <span class='ocrx_word' id='word_1_151' title='bbox 685 1912 859 1992; x_wconf 86' lang='lat' dir='ltr'><strong><em>[extremus]</em></strong></span> <span class='ocrx_word' id='word_1_152' title='bbox 886 1912 953 1990; x_wconf 98' lang='lat' dir='ltr'><strong><em>(M)</em></strong></span> <span class='ocrx_word' id='word_1_153' title='bbox 997 1915 1100 1982; x_wconf 88' lang='lat' dir='ltr'>XLV,</span> <span class='ocrx_word' id='word_1_154' title='bbox 1128 1918 1145 1972; x_wconf 87' lang='lat'><strong>3</strong></span> <span class='ocrx_word' id='word_1_155' title='bbox 1169 1916 1345 1974; x_wconf 82' lang='lat' dir='ltr'><strong><em>abstiterunt</em></strong></span> <span class='ocrx_word' id='word_1_156' title='bbox 1366 1917 1424 1989; x_wconf 78' lang='lat' dir='ltr'><strong><em>(M)</em></strong></span> <span class='ocrx_word' id='word_1_157' title='bbox 1454 1917 1466 1972; x_wconf 84' lang='lat' dir='ltr'>I</span> 
     </span>
     <span class='ocr_line' id='line_1_18' title="bbox 428 1998 598 2070; baseline 0.006 -17"><span class='ocrx_word' id='word_1_158' title='bbox 428 1998 504 2068; x_wconf 86' lang='lat' dir='ltr'><strong><em>(Em.</em></strong></span> <span class='ocrx_word' id='word_1_159' title='bbox 527 1999 598 2070; x_wconf 72' lang='lat'><strong><em>425)</em></strong></span> 
     </span>
    </p>

    <p class='ocr_par' dir='ltr' id='par_1_3' title="bbox 413 2077 1466 4326">
     <span class='ocr_line' id='line_1_19' title="bbox 527 2078 1466 2156; baseline -0.004 -15"><span class='ocrx_word' id='word_1_160' title='bbox 527 2082 581 2143; x_wconf 78' lang='lat' dir='ltr'><strong><em>Lib.</em></strong></span> <span class='ocrx_word' id='word_1_161' title='bbox 605 2080 725 2143; x_wconf 76' lang='lat' dir='ltr'><strong><em>mvn.</em></strong></span> <span class='ocrx_word' id='word_1_162' title='bbox 758 2078 830 2156; x_wconf 85' lang='lat' dir='ltr'><strong><em>Cep.</em></strong></span> <span class='ocrx_word' id='word_1_163' title='bbox 853 2083 877 2150; x_wconf 91' lang='lat' dir='ltr'>I,</span> <span class='ocrx_word' id='word_1_164' title='bbox 906 2087 913 2136; x_wconf 96' lang='grc'>1</span> <span class='ocrx_word' id='word_1_165' title='bbox 941 2080 1028 2155; x_wconf 81' lang='lat' dir='ltr'><strong><em>legati</em></strong></span> <span class='ocrx_word' id='word_1_166' title='bbox 1050 2099 1148 2137; x_wconf 88' lang='lat' dir='ltr'><strong><em>eorum</em></strong></span> <span class='ocrx_word' id='word_1_167' title='bbox 1169 2081 1232 2148; x_wconf 85' lang='lat' dir='ltr'><strong><em>(M)</em></strong></span> <span class='ocrx_word' id='word_1_168' title='bbox 1250 2093 1253 2148; x_wconf 86' lang='lat'>!</span> <span class='ocrx_word' id='word_1_169' title='bbox 1270 2079 1466 2152; x_wconf 69' lang='lat' dir='ltr'><strong><em>institerumffl</em></strong></span> 
     </span>
     <span class='ocr_line' id='line_1_20' title="bbox 426 2163 1460 2240; baseline 0.001 -21"><span class='ocrx_word' id='word_1_170' title='bbox 426 2165 540 2238; x_wconf 80' lang='lat' dir='ltr'><strong><em>aliique,</em></strong></span> <span class='ocrx_word' id='word_1_171' title='bbox 562 2167 614 2221; x_wconf 80' lang='lat' dir='ltr'><strong><em>etsi</em></strong></span> <span class='ocrx_word' id='word_1_172' title='bbox 626 2163 768 2234; x_wconf 79' lang='lat' dir='ltr'><strong><em>insistere)</em></strong></span> <span class='ocrx_word' id='word_1_173' title='bbox 803 2164 870 2221; x_wconf 83' lang='lat' dir='ltr'><strong><em>5iis</em></strong></span> <span class='ocrx_word' id='word_1_174' title='bbox 893 2165 957 2236; x_wconf 88' lang='lat' dir='ltr'><strong><em>(M)</em></strong></span> <span class='ocrx_word' id='word_1_175' title='bbox 990 2169 1004 2219; x_wconf 92' lang='lat'><strong>7</strong></span> <span class='ocrx_word' id='word_1_176' title='bbox 1029 2164 1077 2239; x_wconf 80' lang='lat' dir='ltr'><strong><em>ogi</em></strong></span> <span class='ocrx_word' id='word_1_177' title='bbox 1100 2175 1142 2219; x_wconf 88' lang='lat' dir='ltr'><strong><em>est</em></strong></span> <span class='ocrx_word' id='word_1_178' title='bbox 1156 2164 1223 2236; x_wconf 92' lang='lat' dir='ltr'><strong><em>(M)</em></strong></span> <span class='ocrx_word' id='word_1_179' title='bbox 1255 2166 1460 2240; x_wconf 70' lang='lat' dir='ltr'><strong><em>osealegnm</em></strong></span> 
     </span>
     <span class='ocr_line' id='line_1_21' title="bbox 427 2241 1457 2321; baseline 0.001 -19"><span class='ocrx_word' id='word_1_180' title='bbox 427 2250 520 2304; x_wconf 89' lang='lat' dir='ltr'><strong><em>econi.</em></strong></span> <span class='ocrx_word' id='word_1_181' title='bbox 537 2247 647 2304; x_wconf 83' lang='lat' dir='ltr'><strong><em>Dukeri</em></strong></span> <span class='ocrx_word' id='word_1_182' title='bbox 659 2244 750 2321; x_wconf 89' lang='lat' dir='ltr'><strong><em>(codd.</em></strong></span> <span class='ocrx_word' id='word_1_183' title='bbox 764 2247 842 2304; x_wconf 78' lang='lat' dir='ltr'><strong><em>Illud</em></strong></span> <span class='ocrx_word' id='word_1_184' title='bbox 863 2257 950 2304; x_wconf 78' lang='lat' dir='ltr'><strong><em>tamen</em></strong></span> <span class='ocrx_word' id='word_1_185' title='bbox 971 2266 1023 2304; x_wconf 91' lang='lat' dir='ltr'><strong><em>non</em></strong></span> <span class='ocrx_word' id='word_1_186' title='bbox 1034 2241 1213 2321; x_wconf 69' lang='lat' dir='ltr'><strong><em>reprobabile</em></strong></span> <span class='ocrx_word' id='word_1_187' title='bbox 1234 2248 1298 2321; x_wconf 81' lang='lat' dir='ltr'><strong><em>est.)</em></strong></span> <span class='ocrx_word' id='word_1_188' title='bbox 1333 2250 1373 2315; x_wconf 86' lang='lat' dir='ltr'>II,</span> <span class='ocrx_word' id='word_1_189' title='bbox 1393 2248 1457 2306; x_wconf 68' lang='lat' dir='ltr'><strong><em>out</em></strong></span> 
     </span>
     <span class='ocr_line' id='line_1_22' title="bbox 425 2329 1456 2405; baseline 0.002 -19"><span class='ocrx_word' id='word_1_190' title='bbox 425 2331 528 2392; x_wconf 81' lang='lat' dir='ltr'><strong><em>iussus,</em></strong></span> <span class='ocrx_word' id='word_1_191' title='bbox 551 2351 587 2387; x_wconf 89' lang='lat' dir='ltr'><strong><em>ex</em></strong></span> <span class='ocrx_word' id='word_1_192' title='bbox 610 2349 690 2405; x_wconf 81' lang='lat' dir='ltr'><strong><em>agro,</em></strong></span> <span class='ocrx_word' id='word_1_193' title='bbox 713 2349 771 2403; x_wconf 88' lang='lat' dir='ltr'><strong><em>quo</em></strong></span> <span class='ocrx_word' id='word_1_194' title='bbox 794 2375 801 2388; x_wconf 89' lang='lat'><strong>.</strong></span> <span class='ocrx_word' id='word_1_195' title='bbox 825 2374 832 2388; x_wconf 91' lang='lat'><strong>.</strong></span> <span class='ocrx_word' id='word_1_196' title='bbox 855 2374 862 2388; x_wconf 89' lang='lat'>.</span> <span class='ocrx_word' id='word_1_197' title='bbox 885 2331 986 2399; x_wconf 76' lang='lat' dir='ltr'><strong><em>Baiae,</em></strong></span> <span class='ocrx_word' id='word_1_198' title='bbox 1006 2330 1180 2386; x_wconf 67' lang='lat' dir='ltr'><strong><em>deducendes</em></strong></span> <span class='ocrx_word' id='word_1_199' title='bbox 1201 2333 1322 2388; x_wconf 80' lang='lat' dir='ltr'><strong><em>urbanoe</em></strong></span> <span class='ocrx_word' id='word_1_200' title='bbox 1336 2329 1456 2405; x_wconf 64' lang='lat' dir='ltr'><strong><em>(Mara</em></strong></span> 
     </span>
     <span class='ocr_line' id='line_1_23' title="bbox 426 2415 1454 2488; baseline 0.002 -18"><span class='ocrx_word' id='word_1_201' title='bbox 426 2417 577 2470; x_wconf 78' lang='lat' dir='ltr'><strong><em>oerm&#39;ssime</em></strong></span> <span class='ocrx_word' id='word_1_202' title='bbox 598 2415 710 2471; x_wconf 77' lang='lat' dir='ltr'><strong><em>urbano</em></strong></span> <span class='ocrx_word' id='word_1_203' title='bbox 723 2416 837 2486; x_wconf 71' lang='lat' dir='ltr'><strong><em>leqiones</em></strong></span> <span class='ocrx_word' id='word_1_204' title='bbox 849 2417 999 2488; x_wconf 85' lang='lat' dir='ltr'><strong><em>superioris</em></strong></span> <span class='ocrx_word' id='word_1_205' title='bbox 1020 2417 1086 2469; x_wconf 88' lang='lat' dir='ltr'><strong><em>anni</em></strong></span> <span class='ocrx_word' id='word_1_206' title='bbox 1105 2424 1350 2472; x_wconf 80' lang='lat' dir='ltr'><strong><em>commemorantur</em></strong></span> <span class='ocrx_word' id='word_1_207' title='bbox 1368 2418 1392 2472; x_wconf 86' lang='lat' dir='ltr'><strong><em>in</em></strong></span> <span class='ocrx_word' id='word_1_208' title='bbox 1409 2429 1454 2486; x_wconf 71' lang='lat' dir='ltr'><strong><em>oon</em></strong></span> 
     </span>
     <span class='ocr_line' id='line_1_24' title="bbox 425 2497 1453 2574; baseline 0.004 -21"><span class='ocrx_word' id='word_1_209' title='bbox 425 2498 504 2554; x_wconf 84' lang='lat' dir='ltr'><strong><em>Boiis</em></strong></span> <span class='ocrx_word' id='word_1_210' title='bbox 522 2498 661 2574; x_wconf 83' lang='lat' dir='ltr'><strong><em>adempto,</em></strong></span> <span class='ocrx_word' id='word_1_211' title='bbox 694 2500 821 2571; x_wconf 79' lang='lat' dir='ltr'><strong><em>quoniam</em></strong></span> <span class='ocrx_word' id='word_1_212' title='bbox 850 2518 899 2555; x_wconf 90' lang='lat' dir='ltr'><strong><em>suo</em></strong></span> <span class='ocrx_word' id='word_1_213' title='bbox 929 2499 969 2555; x_wconf 86' lang='lat' dir='ltr'><strong><em>ibi</em></strong></span> <span class='ocrx_word' id='word_1_214' title='bbox 988 2500 1105 2554; x_wconf 77' lang='lat' dir='ltr'><strong><em>coercita</em></strong></span> <span class='ocrx_word' id='word_1_215' title='bbox 1127 2517 1183 2553; x_wconf 87' lang='lat' dir='ltr'><strong><em>rem</em></strong></span> <span class='ocrx_word' id='word_1_216' title='bbox 1204 2498 1237 2556; x_wconf 89' lang='lat' dir='ltr'><strong><em>P.</em></strong></span> <span class='ocrx_word' id='word_1_217' title='bbox 1265 2497 1399 2557; x_wconf 77' lang='lat' dir='ltr'><strong><em>Cornelius</em></strong></span> <span class='ocrx_word' id='word_1_218' title='bbox 1413 2516 1453 2571; x_wconf 69' lang='lat'><strong><em>7⁶¹</em></strong></span> 
     </span>
     <span class='ocr_line' id='line_1_25' title="bbox 425 2578 1453 2655; baseline -0.003 -17"><span class='ocrx_word' id='word_1_219' title='bbox 425 2591 500 2638; x_wconf 83' lang='lat' dir='ltr'><strong><em>serat</em></strong></span> <span class='ocrx_word' id='word_1_220' title='bbox 521 2601 632 2655; x_wconf 86' lang='lat' dir='ltr'><strong><em>eumque</em></strong></span> <span class='ocrx_word' id='word_1_221' title='bbox 653 2583 721 2637; x_wconf 83' lang='lat' dir='ltr'><strong><em>bello</em></strong></span> <span class='ocrx_word' id='word_1_222' title='bbox 743 2584 863 2655; x_wconf 74' lang='lat' dir='ltr'><strong><em>confecto</em></strong></span> <span class='ocrx_word' id='word_1_223' title='bbox 886 2583 1021 2638; x_wconf 75' lang='lat' dir='ltr'><em>dimisisse</em></span> <span class='ocrx_word' id='word_1_224' title='bbox 1041 2590 1176 2637; x_wconf 80' lang='lat' dir='ltr'><strong><em>narratur</em></strong></span> <span class='ocrx_word' id='word_1_225' title='bbox 1198 2582 1244 2637; x_wconf 72' lang='lat' dir='ltr'><strong><em>zio.</em></strong></span> <span class='ocrx_word' id='word_1_226' title='bbox 1266 2578 1453 2641; x_wconf 77' lang='lat' dir='ltr'>XXXVLii</span> 
     </span>
     <span class='ocr_line' id='line_1_26' title="bbox 426 2666 1452 2739; baseline -0.001 -19"><span class='ocrx_word' id='word_1_227' title='bbox 426 2675 452 2721; x_wconf 83' lang='lat' dir='ltr'><strong><em>et</em></strong></span> <span class='ocrx_word' id='word_1_228' title='bbox 473 2666 512 2719; x_wconf 69' lang='lat' dir='ltr'><strong><em>dd</em></strong></span> <span class='ocrx_word' id='word_1_229' title='bbox 533 2667 589 2720; x_wconf 88' lang='lat' dir='ltr'><strong><em>sine</em></strong></span> <span class='ocrx_word' id='word_1_230' title='bbox 611 2667 671 2721; x_wconf 79' lang='lat' dir='ltr'><strong><em>ulia</em></strong></span> <span class='ocrx_word' id='word_1_231' title='bbox 693 2666 825 2737; x_wconf 76' lang='lat' dir='ltr'><strong><em>ieqionnm</em></strong></span> <span class='ocrx_word' id='word_1_232' title='bbox 846 2666 1016 2721; x_wconf 84' lang='lat' dir='ltr'><strong><em>urbarmrum</em></strong></span> <span class='ocrx_word' id='word_1_233' title='bbox 1036 2668 1187 2730; x_wconf 81' lang='lat' dir='ltr'><strong><em>mentionc3</em></strong></span> <span class='ocrx_word' id='word_1_234' title='bbox 1220 2685 1282 2739; x_wconf 77' lang='lat' dir='ltr'><strong><em>qum</em></strong></span> <span class='ocrx_word' id='word_1_235' title='bbox 1313 2668 1338 2723; x_wconf 89' lang='lat' dir='ltr'><strong><em>si</em></strong></span> <span class='ocrx_word' id='word_1_236' title='bbox 1359 2666 1393 2723; x_wconf 77' lang='lat' dir='ltr'><strong><em>io&#39;</em></strong></span> <span class='ocrx_word' id='word_1_237' title='bbox 1402 2666 1452 2739; x_wconf 77' lang='lat' dir='ltr'><strong><em>jrir</em></strong></span> 
     </span>
     <span class='ocr_line' id='line_1_27' title="bbox 425 2748 1451 2818; baseline 0.001 -14"><span class='ocrx_word' id='word_1_238' title='bbox 425 2756 500 2815; x_wconf 80' lang='lat' dir='ltr'><strong><em>sent,</em></strong></span> <span class='ocrx_word' id='word_1_239' title='bbox 535 2750 687 2805; x_wconf 73' lang='lat' dir='ltr'><strong><em>retinuisset</em></strong></span> <span class='ocrx_word' id='word_1_240' title='bbox 716 2768 763 2804; x_wconf 86' lang='lat' dir='ltr'><strong><em>eas</em></strong></span> <span class='ocrx_word' id='word_1_241' title='bbox 786 2748 943 2818; x_wconf 76' lang='lat' dir='ltr'><strong><em>Corneliam,</em></strong></span> <span class='ocrx_word' id='word_1_242' title='bbox 971 2768 1024 2805; x_wconf 92' lang='lat' dir='ltr'><strong><em>non</em></strong></span> <span class='ocrx_word' id='word_1_243' title='bbox 1045 2751 1129 2804; x_wconf 69' lang='lat' dir='ltr'><strong><em>alium</em></strong></span> <span class='ocrx_word' id='word_1_244' title='bbox 1158 2752 1304 2805; x_wconf 79' lang='lat' dir='ltr'><strong><em>coercitum</em></strong></span> <span class='ocrx_word' id='word_1_245' title='bbox 1323 2768 1342 2805; x_wconf 88' lang='lat' dir='ltr'><strong><em>a</em></strong></span> <span class='ocrx_word' id='word_1_246' title='bbox 1363 2748 1451 2805; x_wconf 77' lang='lat' dir='ltr'><strong><em>nom</em></strong></span> 
     </span>
     <span class='ocr_line' id='line_1_28' title="bbox 425 2833 1451 2906; baseline -0.001 -20"><span class='ocrx_word' id='word_1_247' title='bbox 425 2833 572 2904; x_wconf 76' lang='lat' dir='ltr'><strong><em>accepisset</em></strong></span> <span class='ocrx_word' id='word_1_248' title='bbox 578 2853 589 2896; x_wconf 88' lang='lat'><strong><em>,·</em></strong></span> <span class='ocrx_word' id='word_1_249' title='bbox 620 2850 704 2905; x_wconf 81' lang='lat' dir='ltr'><strong><em>neque</em></strong></span> <span class='ocrx_word' id='word_1_250' title='bbox 732 2834 820 2888; x_wconf 89' lang='lat' dir='ltr'><strong><em>minus</em></strong></span> <span class='ocrx_word' id='word_1_251' title='bbox 839 2851 967 2906; x_wconf 84' lang='lat' dir='ltr'><strong><em>perverse</em></strong></span> <span class='ocrx_word' id='word_1_252' title='bbox 983 2835 1099 2905; x_wconf 61' lang='lat' dir='ltr'><strong><em>praetori</em></strong></span> <span class='ocrx_word' id='word_1_253' title='bbox 1119 2851 1186 2887; x_wconf 84' lang='lat' dir='ltr'><strong><em>noco</em></strong></span> <span class='ocrx_word' id='word_1_254' title='bbox 1210 2833 1327 2904; x_wconf 66' lang='lat' dir='ltr'><strong><em>leniores</em></strong></span> <span class='ocrx_word' id='word_1_255' title='bbox 1347 2835 1451 2889; x_wconf 75' lang='lat' dir='ltr'><strong><em>mnan</em></strong></span> 
     </span>
     <span class='ocr_line' id='line_1_29' title="bbox 421 2915 1452 2989; baseline 0.003 -21"><span class='ocrx_word' id='word_1_256' title='bbox 421 2916 565 2988; x_wconf 77' lang='lat' dir='ltr'><strong><em>provincia</em></strong></span> <span class='ocrx_word' id='word_1_257' title='bbox 586 2915 765 2983; x_wconf 75' lang='lat' dir='ltr'><strong><em>deducendo,</em></strong></span> <span class='ocrx_word' id='word_1_258' title='bbox 788 2924 818 2970; x_wconf 81' lang='lat' dir='ltr'><strong><em>ut</em></strong></span> <span class='ocrx_word' id='word_1_259' title='bbox 840 2916 936 2971; x_wconf 88' lang='lat' dir='ltr'><strong><em>deinde</em></strong></span> <span class='ocrx_word' id='word_1_260' title='bbox 956 2916 1064 2971; x_wconf 87' lang='lat' dir='ltr'><strong><em>eosdem</em></strong></span> <span class='ocrx_word' id='word_1_261' title='bbox 1085 2918 1113 2971; x_wconf 82' lang='lat' dir='ltr'><strong><em>in</em></strong></span> <span class='ocrx_word' id='word_1_262' title='bbox 1133 2916 1192 2970; x_wconf 86' lang='lat' dir='ltr'><strong><em>aliu</em></strong></span> <span class='ocrx_word' id='word_1_263' title='bbox 1210 2918 1355 2989; x_wconf 83' lang='lat' dir='ltr'><strong><em>prouincia</em></strong></span> <span class='ocrx_word' id='word_1_264' title='bbox 1373 2916 1452 2973; x_wconf 80' lang='lat' dir='ltr'><strong><em>mom</em></strong></span> 
     </span>
     <span class='ocr_line' id='line_1_30' title="bbox 431 2997 1452 3072; baseline 0.001 -20"><span class='ocrx_word' id='word_1_265' title='bbox 431 2997 480 3053; x_wconf 84' lang='lat' dir='ltr'><strong><em>Vel</em></strong></span> <span class='ocrx_word' id='word_1_266' title='bbox 500 2998 641 3053; x_wconf 86' lang='lat' dir='ltr'><strong><em>verborum</em></strong></span> <span class='ocrx_word' id='word_1_267' title='bbox 653 2999 720 3054; x_wconf 91' lang='lat' dir='ltr'><strong><em>ordo</em></strong></span> <span class='ocrx_word' id='word_1_268' title='bbox 741 2999 866 3065; x_wconf 76' lang='lat' dir='ltr'><em>ostendit,</em></span> <span class='ocrx_word' id='word_1_269' title='bbox 891 3000 940 3054; x_wconf 84' lang='lat' dir='ltr'><strong><em>iiia</em></strong></span> <span class='ocrx_word' id='word_1_270' title='bbox 956 3018 992 3054; x_wconf 80' lang='lat' dir='ltr'><strong><em>ex</em></strong></span> <span class='ocrx_word' id='word_1_271' title='bbox 1008 3017 1080 3072; x_wconf 82' lang='lat' dir='ltr'><strong><em>agro</em></strong></span> <span class='ocrx_word' id='word_1_272' title='bbox 1097 3042 1103 3055; x_wconf 92' lang='lat'><strong>.</strong></span> <span class='ocrx_word' id='word_1_273' title='bbox 1122 3041 1128 3055; x_wconf 90' lang='lat'><strong>.</strong></span> <span class='ocrx_word' id='word_1_274' title='bbox 1143 2998 1319 3056; x_wconf 67' lang='lat' dir='ltr'><strong><em>deducendae</em></strong></span> <span class='ocrx_word' id='word_1_275' title='bbox 1339 3000 1377 3055; x_wconf 89' lang='lat' dir='ltr'><strong><em>ad</em></strong></span> <span class='ocrx_word' id='word_1_276' title='bbox 1392 2999 1452 3054; x_wconf 75' lang='lat' dir='ltr'><strong><em>alic!</em></strong></span> 
     </span>
     <span class='ocr_line' id='line_1_31' title="bbox 423 3081 1452 3155; baseline 0.003 -20"><span class='ocrx_word' id='word_1_277' title='bbox 423 3099 480 3135; x_wconf 89' lang='lat' dir='ltr'><strong><em>rem</em></strong></span> <span class='ocrx_word' id='word_1_278' title='bbox 497 3083 650 3155; x_wconf 77' lang='lat' dir='ltr'><strong><em>periinere,</em></strong></span> <span class='ocrx_word' id='word_1_279' title='bbox 685 3102 746 3155; x_wconf 80' lang='lat' dir='ltr'><strong><em>qua</em></strong></span> <span class='ocrx_word' id='word_1_280' title='bbox 767 3082 807 3137; x_wconf 86' lang='lat' dir='ltr'><strong><em>ad</em></strong></span> <span class='ocrx_word' id='word_1_281' title='bbox 834 3081 959 3139; x_wconf 86' lang='lat' dir='ltr'><strong><em>Tuccium</em></strong></span> <span class='ocrx_word' id='word_1_282' title='bbox 977 3085 1141 3155; x_wconf 80' lang='lat' dir='ltr'><strong><em>pertineant,</em></strong></span> <span class='ocrx_word' id='word_1_283' title='bbox 1173 3083 1292 3155; x_wconf 81' lang='lat' dir='ltr'><strong><em>incipere</em></strong></span> <span class='ocrx_word' id='word_1_284' title='bbox 1312 3084 1346 3140; x_wconf 84' lang='lat' dir='ltr'><strong><em>ab</em></strong></span> <span class='ocrx_word' id='word_1_285' title='bbox 1364 3082 1452 3139; x_wconf 72' lang='lat' dir='ltr'><strong><em>urbem</em></strong></span> 
     </span>
     <span class='ocr_line' id='line_1_32' title="bbox 423 3163 1452 3241; baseline 0.002 -22"><span class='ocrx_word' id='word_1_286' title='bbox 423 3163 560 3239; x_wconf 79' lang='lat' dir='ltr'>legiones,</span> <span class='ocrx_word' id='word_1_287' title='bbox 582 3165 705 3239; x_wconf 85' lang='lat' dir='ltr'><strong><em>idemque</em></strong></span> <span class='ocrx_word' id='word_1_288' title='bbox 726 3166 775 3221; x_wconf 85' lang='lat' dir='ltr'><strong><em>ilio</em></strong></span> <span class='ocrx_word' id='word_1_289' title='bbox 797 3166 983 3222; x_wconf 79' lang='lat' dir='ltr'><strong><em>denonstraut</em></strong></span> <span class='ocrx_word' id='word_1_290' title='bbox 1003 3166 1038 3221; x_wconf 87' lang='lat' dir='ltr'><strong><em>de</em></strong></span> <span class='ocrx_word' id='word_1_291' title='bbox 1058 3166 1092 3220; x_wconf 87' lang='lat' dir='ltr'><strong><em>P.</em></strong></span> <span class='ocrx_word' id='word_1_292' title='bbox 1111 3165 1252 3234; x_wconf 81' lang='lat' dir='ltr'><strong><em>Cornelio,</em></strong></span> <span class='ocrx_word' id='word_1_293' title='bbox 1274 3186 1308 3222; x_wconf 84' lang='lat' dir='ltr'><strong><em>ne</em></strong></span> <span class='ocrx_word' id='word_1_294' title='bbox 1328 3166 1452 3241; x_wconf 71' lang='lat' dir='ltr'><strong><em>interpam</em></strong></span> 
     </span>
     <span class='ocr_line' id='line_1_33' title="bbox 423 3244 1453 3323; baseline 0 -20"><span class='ocrx_word' id='word_1_295' title='bbox 423 3248 531 3321; x_wconf 83' lang='lat' dir='ltr'><strong><em>quidem</em></strong></span> <span class='ocrx_word' id='word_1_296' title='bbox 548 3252 716 3322; x_wconf 76' lang='lat' dir='ltr'><strong><em>pronomine,</em></strong></span> <span class='ocrx_word' id='word_1_297' title='bbox 740 3249 890 3304; x_wconf 79' lang='lat' dir='ltr'><strong><em>adiuncta:</em></strong></span> <span class='ocrx_word' id='word_1_298' title='bbox 913 3268 970 3323; x_wconf 93' lang='lat' dir='ltr'><strong><em>quo</em></strong></span> <span class='ocrx_word' id='word_1_299' title='bbox 987 3292 993 3304; x_wconf 91' lang='lat'>.</span> <span class='ocrx_word' id='word_1_300' title='bbox 1011 3292 1017 3304; x_wconf 93' lang='lat'>.</span> <span class='ocrx_word' id='word_1_301' title='bbox 1035 3248 1220 3312; x_wconf 68' lang='lat' dir='ltr'><strong><em>multaveran</em></strong></span> <span class='ocrx_word' id='word_1_302' title='bbox 1243 3268 1308 3305; x_wconf 90' lang='lat' dir='ltr'><strong><em>nam</em></strong></span> <span class='ocrx_word' id='word_1_303' title='bbox 1321 3253 1347 3307; x_wconf 85' lang='lat' dir='ltr'><strong><em>si</em></strong></span> <span class='ocrx_word' id='word_1_304' title='bbox 1364 3244 1453 3305; x_wconf 73' lang='lat' dir='ltr'><strong><em>nuncd</em></strong></span> 
     </span>
     <span class='ocr_line' id='line_1_34' title="bbox 427 3331 1453 3406; baseline 0.003 -20"><span class='ocrx_word' id='word_1_305' title='bbox 427 3331 515 3388; x_wconf 86' lang='lat' dir='ltr'><strong><em>Tucca</em></strong></span> <span class='ocrx_word' id='word_1_306' title='bbox 538 3332 672 3387; x_wconf 83' lang='lat' dir='ltr'><strong><em>diceretur</em></strong></span> <span class='ocrx_word' id='word_1_307' title='bbox 693 3352 762 3388; x_wconf 87' lang='lat' dir='ltr'><strong><em>uooc</em></strong></span> <span class='ocrx_word' id='word_1_308' title='bbox 779 3333 912 3406; x_wconf 83' lang='lat' dir='ltr'><strong><em>periodo,</em></strong></span> <span class='ocrx_word' id='word_1_309' title='bbox 945 3333 1041 3388; x_wconf 83' lang='lat' dir='ltr'><strong><em>saltem</em></strong></span> <span class='ocrx_word' id='word_1_310' title='bbox 1073 3350 1130 3405; x_wconf 89' lang='lat' dir='ltr'><strong><em>quo</em></strong></span> <span class='ocrx_word' id='word_1_311' title='bbox 1158 3331 1183 3387; x_wconf 88' lang='lat' dir='ltr'><strong><em>is</em></strong></span> <span class='ocrx_word' id='word_1_312' title='bbox 1212 3333 1382 3389; x_wconf 82' lang='lat' dir='ltr'><strong><em>scribendum</em></strong></span> <span class='ocrx_word' id='word_1_313' title='bbox 1406 3336 1453 3388; x_wconf 73' lang='lat' dir='ltr'><strong><em>emi</em></strong></span> 
     </span>
     <span class='ocr_line' id='line_1_35' title="bbox 423 3412 1453 3490; baseline 0.002 -21"><span class='ocrx_word' id='word_1_314' title='bbox 423 3414 455 3469; x_wconf 89' lang='lat' dir='ltr'><strong><em>P.</em></strong></span> <span class='ocrx_word' id='word_1_315' title='bbox 470 3414 593 3471; x_wconf 81' lang='lat' dir='ltr'><strong><em>Cornelio</em></strong></span> <span class='ocrx_word' id='word_1_316' title='bbox 615 3420 747 3486; x_wconf 73' lang='lat' dir='ltr'><strong><em>neqotium</em></strong></span> <span class='ocrx_word' id='word_1_317' title='bbox 769 3416 864 3471; x_wconf 80' lang='lat' dir='ltr'><strong><em>domm</em></strong></span> <span class='ocrx_word' id='word_1_318' title='bbox 886 3424 934 3481; x_wconf 82' lang='lat' dir='ltr'><strong><em>est,</em></strong></span> <span class='ocrx_word' id='word_1_319' title='bbox 956 3424 988 3470; x_wconf 85' lang='lat' dir='ltr'><strong><em>ut</em></strong></span> <span class='ocrx_word' id='word_1_320' title='bbox 1000 3415 1085 3471; x_wconf 86' lang='lat' dir='ltr'><strong><em>Boios</em></strong></span> <span class='ocrx_word' id='word_1_321' title='bbox 1107 3433 1140 3470; x_wconf 84' lang='lat' dir='ltr'><strong><em>ec</em></strong></span> <span class='ocrx_word' id='word_1_322' title='bbox 1158 3434 1236 3485; x_wconf 67' lang='lat' dir='ltr'><strong><em>coro,</em></strong></span> <span class='ocrx_word' id='word_1_323' title='bbox 1259 3435 1339 3490; x_wconf 86' lang='lat' dir='ltr'><strong><em>quem</em></strong></span> <span class='ocrx_word' id='word_1_324' title='bbox 1360 3419 1391 3473; x_wconf 86' lang='lat' dir='ltr'><strong><em>iis</em></strong></span> <span class='ocrx_word' id='word_1_325' title='bbox 1408 3412 1453 3471; x_wconf 75' lang='lat' dir='ltr'><strong><em>air</em></strong></span> 
     </span>
     <span class='ocr_line' id='line_1_36' title="bbox 421 3499 1453 3572; baseline 0.001 -18"><span class='ocrx_word' id='word_1_326' title='bbox 421 3508 522 3568; x_wconf 82' lang='lat' dir='ltr'><strong><em>morat,</em></strong></span> <span class='ocrx_word' id='word_1_327' title='bbox 558 3499 701 3555; x_wconf 77' lang='lat' dir='ltr'><strong><em>deduceret</em></strong></span> <span class='ocrx_word' id='word_1_328' title='bbox 732 3502 759 3554; x_wconf 87' lang='lat' dir='ltr'><strong><em>in</em></strong></span> <span class='ocrx_word' id='word_1_329' title='bbox 790 3500 862 3555; x_wconf 85' lang='lat' dir='ltr'><strong><em>aiios</em></strong></span> <span class='ocrx_word' id='word_1_330' title='bbox 891 3499 969 3554; x_wconf 85' lang='lat' dir='ltr'><strong><em>sedes</em></strong></span> <span class='ocrx_word' id='word_1_331' title='bbox 996 3516 1107 3572; x_wconf 77' lang='lat' dir='ltr'><strong><em>eumouc</em></strong></span> <span class='ocrx_word' id='word_1_332' title='bbox 1126 3500 1332 3570; x_wconf 69' lang='lat' dir='ltr'><strong><em>oaczrofaceret,·</em></strong></span> <span class='ocrx_word' id='word_1_333' title='bbox 1363 3500 1399 3557; x_wconf 90' lang='lat' dir='ltr'><strong><em>ad</em></strong></span> <span class='ocrx_word' id='word_1_334' title='bbox 1414 3512 1453 3555; x_wconf 69' lang='lat' dir='ltr'><strong><em>cm</em></strong></span> 
     </span>
     <span class='ocr_line' id='line_1_37' title="bbox 422 3572 1452 3655; baseline 0.002 -18"><span class='ocrx_word' id='word_1_335' title='bbox 422 3601 487 3650; x_wconf 90' lang='lat' dir='ltr'><strong><em>rem,</em></strong></span> <span class='ocrx_word' id='word_1_336' title='bbox 509 3602 570 3655; x_wconf 75' lang='lat' dir='ltr'><strong><em>quoe</em></strong></span> <span class='ocrx_word' id='word_1_337' title='bbox 591 3586 648 3638; x_wconf 90' lang='lat' dir='ltr'><strong><em>sine</em></strong></span> <span class='ocrx_word' id='word_1_338' title='bbox 668 3572 806 3638; x_wconf 88' lang='lat' dir='ltr'><strong><em>armorum</em></strong></span> <span class='ocrx_word' id='word_1_339' title='bbox 827 3592 897 3637; x_wconf 81' lang='lat' dir='ltr'><strong><em>metu</em></strong></span> <span class='ocrx_word' id='word_1_340' title='bbox 919 3583 990 3655; x_wconf 71' lang='lat' dir='ltr'><strong><em>effici</em></strong></span> <span class='ocrx_word' id='word_1_341' title='bbox 1010 3601 1062 3637; x_wconf 89' lang='lat' dir='ltr'><strong><em>non</em></strong></span> <span class='ocrx_word' id='word_1_342' title='bbox 1072 3590 1193 3655; x_wconf 77' lang='lat' dir='ltr'><strong><em>poterat,</em></strong></span> <span class='ocrx_word' id='word_1_343' title='bbox 1216 3579 1251 3648; x_wconf 78' lang='lat' dir='ltr'><strong><em>Q.</em></strong></span> <span class='ocrx_word' id='word_1_344' title='bbox 1267 3584 1384 3641; x_wconf 75' lang='lat' dir='ltr'><strong><em>Minucii</em></strong></span> <span class='ocrx_word' id='word_1_345' title='bbox 1399 3596 1452 3639; x_wconf 73' lang='lat' dir='ltr'><strong><em>coer·</em></strong></span> 
     </span>
     <span class='ocr_line' id='line_1_38' title="bbox 421 3660 1454 3740; baseline 0 -19"><span class='ocrx_word' id='word_1_346' title='bbox 421 3667 476 3721; x_wconf 81' lang='lat' dir='ltr'><strong><em>citu</em></strong></span> <span class='ocrx_word' id='word_1_347' title='bbox 498 3668 523 3720; x_wconf 86' lang='lat' dir='ltr'><strong><em>ei</em></strong></span> <span class='ocrx_word' id='word_1_348' title='bbox 550 3667 669 3721; x_wconf 77' lang='lat' dir='ltr'><strong><em>traditus</em></strong></span> <span class='ocrx_word' id='word_1_349' title='bbox 691 3675 738 3721; x_wconf 83' lang='lat' dir='ltr'><strong><em>est.</em></strong></span> <span class='ocrx_word' id='word_1_350' title='bbox 788 3665 821 3720; x_wconf 90' lang='lat' dir='ltr'><strong><em>P.</em></strong></span> <span class='ocrx_word' id='word_1_351' title='bbox 851 3664 947 3721; x_wconf 75' lang='lat' dir='ltr'><strong><em>Iircm&#39;o</em></strong></span> <span class='ocrx_word' id='word_1_352' title='bbox 969 3666 1081 3720; x_wconf 80' lang='lat' dir='ltr'><strong><em>urbana</em></strong></span> <span class='ocrx_word' id='word_1_353' title='bbox 1109 3666 1224 3736; x_wconf 64' lang='lat' dir='ltr'><strong><em>leniones</em></strong></span> <span class='ocrx_word' id='word_1_354' title='bbox 1245 3670 1393 3740; x_wconf 67' lang='lat' dir='ltr'><strong><em>superiores</em></strong></span> <span class='ocrx_word' id='word_1_355' title='bbox 1408 3660 1454 3721; x_wconf 76' lang='lat' dir='ltr'><strong><em>cori</em></strong></span> 
     </span>
     <span class='ocr_line' id='line_1_39' title="bbox 422 3748 1452 3824; baseline 0.006 -22"><span class='ocrx_word' id='word_1_356' title='bbox 422 3748 541 3816; x_wconf 82' lang='lat' dir='ltr'><strong><em>dantur,</em></strong></span> <span class='ocrx_word' id='word_1_357' title='bbox 563 3758 608 3818; x_wconf 83' lang='lat' dir='ltr'><strong><em>ut,</em></strong></span> <span class='ocrx_word' id='word_1_358' title='bbox 631 3749 855 3823; x_wconf 81' lang='lat' dir='ltr'><strong><em>quemadmodum</em></strong></span> <span class='ocrx_word' id='word_1_359' title='bbox 877 3766 948 3822; x_wconf 75' lang='lat' dir='ltr'><strong><em>saepe</em></strong></span> <span class='ocrx_word' id='word_1_360' title='bbox 962 3751 1071 3820; x_wconf 81' lang='lat' dir='ltr'><strong><em>factum</em></strong></span> <span class='ocrx_word' id='word_1_361' title='bbox 1092 3748 1235 3816; x_wconf 76' lang='lat' dir='ltr'><strong><em>som&#39;bitur,</em></strong></span> <span class='ocrx_word' id='word_1_362' title='bbox 1262 3760 1330 3824; x_wconf 82' lang='lat' dir='ltr'><strong><em>post</em></strong></span> <span class='ocrx_word' id='word_1_363' title='bbox 1348 3752 1452 3807; x_wconf 74' lang='lat' dir='ltr'><strong><em>urbano</em></strong></span> 
     </span>
     <span class='ocr_line' id='line_1_40' title="bbox 421 3830 1452 3907; baseline 0.004 -22"><span class='ocrx_word' id='word_1_364' title='bbox 421 3831 546 3887; x_wconf 82' lang='lat' dir='ltr'><strong><em>militiam</em></strong></span> <span class='ocrx_word' id='word_1_365' title='bbox 578 3842 603 3889; x_wconf 76' lang='lat' dir='ltr'><strong><em>et</em></strong></span> <span class='ocrx_word' id='word_1_366' title='bbox 636 3835 748 3889; x_wconf 83' lang='lat' dir='ltr'><strong><em>otiosam</em></strong></span> <span class='ocrx_word' id='word_1_367' title='bbox 780 3836 808 3889; x_wconf 90' lang='lat' dir='ltr'><strong><em>in</em></strong></span> <span class='ocrx_word' id='word_1_368' title='bbox 835 3834 1006 3907; x_wconf 72' lang='lat' dir='ltr'><strong><em>prouinciam</em></strong></span> <span class='ocrx_word' id='word_1_369' title='bbox 1041 3840 1112 3888; x_wconf 78' lang='lat' dir='ltr'><strong><em>eant.</em></strong></span> <span class='ocrx_word' id='word_1_370' title='bbox 1170 3831 1219 3886; x_wconf 77' lang='lat' dir='ltr'><strong><em>En</em></strong></span> <span class='ocrx_word' id='word_1_371' title='bbox 1245 3830 1452 3891; x_wconf 72' lang='lat' dir='ltr'><strong><em>deducentia·</em></strong></span> 
     </span>
     <span class='ocr_line' id='line_1_41' title="bbox 413 3912 1451 3990; baseline -0.002 -21"><span class='ocrx_word' id='word_1_372' title='bbox 413 3916 523 3986; x_wconf 84' lang='lat' dir='ltr'><strong><em>factum</em></strong></span> <span class='ocrx_word' id='word_1_373' title='bbox 544 3915 738 3981; x_wconf 84' lang='lat' dir='ltr'><strong><em>deducendae.)</em></strong></span> <span class='ocrx_word' id='word_1_374' title='bbox 792 3915 911 3972; x_wconf 73' lang='lat' dir='ltr'><strong><em>emilia</em></strong></span> <span class='ocrx_word' id='word_1_375' title='bbox 934 3927 962 3971; x_wconf 85' lang='lat' dir='ltr'><strong><em>et</em></strong></span> <span class='ocrx_word' id='word_1_376' title='bbox 986 3914 1096 3989; x_wconf 79' lang='lat' dir='ltr'><strong><em>equites</em></strong></span> <span class='ocrx_word' id='word_1_377' title='bbox 1119 3914 1210 3984; x_wconf 82' lang='lat' dir='ltr'><strong><em>(codd.</em></strong></span> <span class='ocrx_word' id='word_1_378' title='bbox 1229 3926 1335 3990; x_wconf 78' lang='lat' dir='ltr'><strong><em>proetcr</em></strong></span> <span class='ocrx_word' id='word_1_379' title='bbox 1354 3918 1392 3987; x_wconf 89' lang='grc' dir='ltr'><strong><em>Β)</em></strong></span> <span class='ocrx_word' id='word_1_380' title='bbox 1429 3912 1451 3967; x_wconf 79' lang='lat' dir='ltr'><strong><em>w</em></strong></span> 
     </span>
     <span class='ocr_line' id='line_1_42' title="bbox 422 3998 1451 4072; baseline -0.001 -20"><span class='ocrx_word' id='word_1_381' title='bbox 422 4008 465 4052; x_wconf 82' lang='lat' dir='ltr'><strong><em>est</em></strong></span> <span class='ocrx_word' id='word_1_382' title='bbox 487 4018 537 4055; x_wconf 90' lang='lat' dir='ltr'><strong><em>om.</em></strong></span> <span class='ocrx_word' id='word_1_383' title='bbox 562 3999 627 4071; x_wconf 93' lang='grc' dir='ltr'><strong><em>(Μ)</em></strong></span> <span class='ocrx_word' id='word_1_384' title='bbox 691 4002 725 4055; x_wconf 84' lang='lat'><strong><em>12</em></strong></span> <span class='ocrx_word' id='word_1_385' title='bbox 759 3998 832 4057; x_wconf 86' lang='lat' dir='ltr'><strong><em>binae</em></strong></span> <span class='ocrx_word' id='word_1_386' title='bbox 865 4017 900 4054; x_wconf 86' lang='lat' dir='ltr'><strong><em>eo</em></strong></span> <span class='ocrx_word' id='word_1_387' title='bbox 931 4017 1007 4055; x_wconf 82' lang='lat' dir='ltr'><strong><em>enno</em></strong></span> <span class='ocrx_word' id='word_1_388' title='bbox 1039 3998 1167 4053; x_wconf 82' lang='lat' dir='ltr'><strong><em>decumae</em></strong></span> <span class='ocrx_word' id='word_1_389' title='bbox 1196 4000 1271 4072; x_wconf 72' lang='lat' dir='ltr'><strong><em>(Mo.</em></strong></span> <span class='ocrx_word' id='word_1_390' title='bbox 1294 4019 1308 4055; x_wconf 91' lang='lat' dir='ltr'><strong><em>e</em></strong></span> <span class='ocrx_word' id='word_1_391' title='bbox 1328 4002 1377 4057; x_wconf 83' lang='lat' dir='ltr'><strong><em>M:</em></strong></span> <span class='ocrx_word' id='word_1_392' title='bbox 1401 3998 1451 4055; x_wconf 69' lang='lat' dir='ltr'><strong><em>bin</em></strong></span> 
     </span>
     <span class='ocr_line' id='line_1_43' title="bbox 421 4078 1449 4157; baseline 0.003 -22"><span class='ocrx_word' id='word_1_393' title='bbox 421 4099 519 4155; x_wconf 84' lang='lat' dir='ltr'><strong><em>eaeque</em></strong></span> <span class='ocrx_word' id='word_1_394' title='bbox 541 4083 680 4157; x_wconf 82' lang='lat' dir='ltr'><strong><em>proximae</em></strong></span> <span class='ocrx_word' id='word_1_395' title='bbox 702 4083 828 4141; x_wconf 86' lang='lat' dir='ltr'><strong><em>decimae.</em></strong></span> <span class='ocrx_word' id='word_1_396' title='bbox 883 4082 944 4139; x_wconf 85' lang='lat' dir='ltr'><strong><em>Vid.</em></strong></span> <span class='ocrx_word' id='word_1_397' title='bbox 965 4080 1113 4144; x_wconf 82' lang='lat' dir='ltr'>XXXVI,</span> <span class='ocrx_word' id='word_1_398' title='bbox 1135 4082 1165 4151; x_wconf 80' lang='lat'>2,</span> <span class='ocrx_word' id='word_1_399' title='bbox 1188 4084 1227 4137; x_wconf 79' lang='lat'><strong><em>12</em></strong></span> <span class='ocrx_word' id='word_1_400' title='bbox 1248 4092 1273 4138; x_wconf 76' lang='lat' dir='ltr'><strong><em>et</em></strong></span> <span class='ocrx_word' id='word_1_401' title='bbox 1286 4084 1344 4154; x_wconf 86' lang='grc'><strong><em>13.)</em></strong></span> <span class='ocrx_word' id='word_1_402' title='bbox 1385 4078 1449 4140; x_wconf 69' lang='lat' dir='ltr'>III-i</span> 
     </span>
     <span class='ocr_line' id='line_1_44' title="bbox 422 4162 1450 4240; baseline 0 -21"><span class='ocrx_word' id='word_1_403' title='bbox 422 4162 581 4235; x_wconf 80' lang='lat' dir='ltr'><strong><em>(Probabile</em></strong></span> <span class='ocrx_word' id='word_1_404' title='bbox 609 4175 663 4229; x_wconf 82' lang='lat' dir='ltr'><strong><em>est,</em></strong></span> <span class='ocrx_word' id='word_1_405' title='bbox 698 4166 808 4222; x_wconf 85' lang='lat' dir='ltr'><strong><em>Livium</em></strong></span> <span class='ocrx_word' id='word_1_406' title='bbox 830 4167 974 4240; x_wconf 81' lang='lat' dir='ltr'><strong><em>scm‘psisse</em></strong></span> <span class='ocrx_word' id='word_1_407' title='bbox 1000 4183 1068 4239; x_wconf 81' lang='lat' dir='ltr'><strong><em>pero</em></strong></span> <span class='ocrx_word' id='word_1_408' title='bbox 1098 4166 1209 4235; x_wconf 85' lang='lat' dir='ltr'><strong><em>carnis,</em></strong></span> <span class='ocrx_word' id='word_1_409' title='bbox 1241 4170 1362 4239; x_wconf 81' lang='lat' dir='ltr'><strong><em>priorem</em></strong></span> <span class='ocrx_word' id='word_1_410' title='bbox 1385 4172 1450 4223; x_wconf 71' lang='lat' dir='ltr'><strong><em>oum</em></strong></span> 
     </span>
     <span class='ocr_line' id='line_1_45' title="bbox 418 4246 1449 4326; baseline 0 -26"><span class='ocrx_word' id='word_1_411' title='bbox 418 4264 510 4305; x_wconf 87' lang='lat' dir='ltr'><strong><em>vocem</em></strong></span> <span class='ocrx_word' id='word_1_412' title='bbox 531 4250 586 4304; x_wconf 89' lang='lat' dir='ltr'><strong><em>iam</em></strong></span> <span class='ocrx_word' id='word_1_413' title='bbox 601 4249 739 4307; x_wconf 79' lang='lat' dir='ltr'><strong><em>Prisciani</em></strong></span> <span class='ocrx_word' id='word_1_414' title='bbox 758 4258 838 4305; x_wconf 82' lang='lat' dir='ltr'><strong><em>oetote</em></strong></span> <span class='ocrx_word' id='word_1_415' title='bbox 858 4253 887 4304; x_wconf 86' lang='lat' dir='ltr'><strong><em>in</em></strong></span> <span class='ocrx_word' id='word_1_416' title='bbox 908 4249 1044 4305; x_wconf 78' lang='lat' dir='ltr'><strong><em>codicibus</em></strong></span> <span class='ocrx_word' id='word_1_417' title='bbox 1066 4248 1205 4324; x_wconf 83' lang='lat' dir='ltr'><strong><em>defuisse.)</em></strong></span> <span class='ocrx_word' id='word_1_418' title='bbox 1249 4250 1289 4317; x_wconf 92' lang='lat' dir='ltr'><strong><em>V,</em></strong></span> <span class='ocrx_word' id='word_1_419' title='bbox 1310 4254 1327 4311; x_wconf 83' lang='lat'><strong>3</strong></span> <span class='ocrx_word' id='word_1_420' title='bbox 1349 4246 1449 4326; x_wconf 66' lang='lat' dir='ltr'><strong><em>planiae</em></strong></span> 
     </span>
    </p>
   </div>
   <div class='ocr_carea' id='block_1_3' title="bbox 0 0 1746 5025">
    <p class='ocr_par' dir='ltr' id='par_1_4' title="bbox 0 0 1746 5025">
     <span class='ocr_line' id='line_1_46' title="bbox 0 0 1746 5025; baseline 0 5"><span class='ocrx_word' id='word_1_421' title='bbox 0 0 1746 5025; x_wconf 95' lang='lat' dir='ltr'><strong><em> </em></strong></span> 
     </span>
    </p>
   </div>
  </div>
 </body>
</html>
