3484 5025
558 520 637 570 Liber
654 520 782 570 XXXVI.
808 520 856 582 (A.
866 518 928 569 cur.
941 519 1012 582 191.)
1235 521 1272 578 27

264 714 388 762 entur-et
410 724 475 780 quoe
496 706 568 782 ipsis
587 724 680 780 prope
701 704 882 774 accidissent,
904 704 1096 778 exposuisset,
1116 701 1348 778 ingemuerunt9

265 812 368 869 uidem
403 810 549 886 principes
581 810 744 866 condicioni
778 827 853 878 suae,
887 808 1047 882 parendum
1082 819 1179 864 tamen
1214 808 1318 865 victori

264 917 409 974 ensebant
429 925 458 973 et
480 935 517 971 ex
540 916 674 972 omnibus
697 917 811 991 oppidis
833 914 1037 971 convocandos
1053 914 1171 970 AEtolos
1195 915 1233 970 ad
1249 932 1317 970 con·

264 1021 356 1081 dium.
402 1022 566 1094 Postquam
597 1039 667 1076 vero
697 1030 800 1077 coacta
832 1020 926 1076 omnis
955 1019 1107 1075 multitudo
1135 1020 1235 1075 eadem
1267 1019 1319 1075 illa
1372 1007 1412 1075 29

264 1128 378 1197 adivit,
416 1127 490 1182 adeo
530 1127 641 1183 saevitia
673 1125 785 1199 imperii
819 1134 906 1199 atque
938 1124 1109 1198 indignitate
1141 1125 1230 1181 animi
1265 1144 1318 1181 ex-

264 1233 379 1307 sperati
390 1240 467 1301 sunt,
489 1241 530 1298 ut,
555 1232 579 1287 si
602 1231 631 1287 in
653 1248 725 1305 pace
747 1228 877 1298 fuissent,
900 1229 949 1285 illo
974 1230 1083 1303 impetu
1107 1230 1156 1285 irae
1179 1230 1318 1287 concitari

264 1338 399 1394 otuerint
420 1338 459 1394 ad
472 1334 597 1393 bellum.
633 1336 683 1392 Ad
705 1335 779 1391 iram
804 1335 961 1391 accedebat
983 1345 1011 1390 et
1033 1333 1188 1392 difficultas
1209 1330 1349 1404 eorum,2

264 1460 315 1499 uae
336 1442 552 1518 imperarentur
574 1444 716 1515 (quonam
737 1441 824 1497 modo
847 1440 922 1497 enim
942 1441 1149 1515 utiqueregem
1167 1443 1319 1515 Amynan·

264 1565 333 1605 rum
357 1566 389 1605 se
411 1549 528 1605 tradere
547 1565 634 1621 posse
642 1544 667 1619 ?)
694 1556 723 1602 et
744 1563 811 1620 spes
833 1544 908 1601 forte
930 1545 1047 1613 oblata,
1072 1547 1149 1620 quod
1172 1542 1350 1603 Nicander3

264 1669 284 1708 o
316 1654 383 1729 ipso
417 1662 549 1727 tempore
583 1653 621 1708 ab
654 1670 723 1725 rege
755 1650 903 1708 Antiocho
947 1651 1064 1707 veniens
1100 1651 1231 1725 implevit
1268 1672 1319 1708 ex·

264 1760 433 1832 pectanone
462 1776 540 1814 vana
568 1735 797 1826 multitudinem,
827 1766 906 1812 terra
937 1757 1068 1829 marique
1097 1757 1199 1830 ingens
1221 1757 1320 1830 parari

264 1864 366 1922 ellum.
420 1864 605 1919 Duodecimo
634 1863 659 1918 is
690 1861 753 1928 die,
786 1880 872 1935 quam
905 1862 1113 1917 conscenderat
1139 1881 1258 1928 navem,
1290 1859 1350 1918 int

264 1967 396 2027 Etoliam
419 1968 550 2043 perfecta
571 1967 716 2042 legatione
738 1965 851 2021 rediens
879 1967 1067 2023 Phalara'in
1100 1968 1163 2023 sinu
1192 1968 1319 2025 Maliaco

264 2075 352 2131 muit.
401 2075 475 2130 lnde
497 2073 631 2129 Lamiam
660 2071 811 2146 pecuniam
836 2091 925 2144 quum
954 2072 1134 2142 devexisset,
1161 2074 1224 2148 ipse
1242 2071 1350 2131 cnm5

264 2180 396 2256 :peditis
408 2180 504 2253 prima
518 2196 641 2252 vespera
656 2178 730 2233 inter
741 2176 936 2233 Macedonum
949 2179 1207 2253 Romanorumque
1223 2192 1321 2235 castra
1364 2188 1376 2193 '

264 2285 349 2341 tedio
373 2302 462 2357 agro,
491 2284 559 2339 dum
594 2285 743 2360 Hypatam
770 2282 847 2337 notis
868 2283 989 2338 callibus
1011 2284 1091 2357 petit,
1113 2285 1143 2341 in
1165 2285 1318 2341 stationem
1400 2263 1403 2267 Δ

264 2389 354 2447 ecidit
373 2389 586 2461 Macedonum,
615 2388 812 2459 deductusque
839 2387 878 2442 ad
905 2405 1001 2461 regem
1032 2398 1075 2443 est
1103 2389 1229 2446 nondum
1253 2408 1321 2445 con-

264 2491 331 2554 ivio
355 2495 486 2552 dimisso.
531 2494 617 2567 Quod
638 2493 688 2551 ubi
711 2493 872 2549 nuntiatum
897 2501 949 2558 est,
982 2494 1061 2550 velut
1091 2494 1229 2569 hospitis,
1262 2496 1351 2551 nond

264 2603 346 2659 ustis
377 2601 505 2658 adventu
537 2611 632 2656 motus
664 2599 815 2673 Philippus
847 2600 1018 2655 accumbere
1050 2619 1114 2656 eum
1151 2600 1321 2674 epularique
1422 2579 1424 2582 Α

264 2720 374 2777 mum,
398 2715 486 2779 atque
511 2706 588 2776 inde,
611 2705 735 2760 dimissis
753 2704 826 2772 aliis,
851 2704 945 2760 solum
967 2715 1118 2775 retentum,
1140 2706 1234 2780 ipsunt
1258 2705 1350 2777 qui-7

265 2828 320 2869 em
343 2813 380 2868 de
403 2829 435 2867 se
456 2809 558 2866 timere
581 2809 735 2883 quicquam
757 2809 862 2878 vetuit,
884 2809 1051 2867 AEtolorum
1080 2830 1173 2884 prava
1202 2811 1353 2868 consilia8

264 2922 343 2992 tque
364 2918 395 2974 in
416 2917 547 2990 ipsorum
570 2923 658 2988 caput
680 2932 795 2990 semper
815 2915 973 2971 recidentia
993 2917 1155 2986 accusavit,
1185 2916 1234 2989 qui
1263 2916 1322 2990 pri·

264 3004 334 3080 hum
355 3024 527 3090 Ronlanos,
556 3021 660 3077 deinde
687 3021 865 3078 Antiochum
896 3021 925 3076 in
948 3019 1093 3078 Graeciam
1124 3023 1322 3078 adduxissent.

264 3121 315 3186 led
335 3125 566 3203 praeteritorum,
589 3143 653 3198 quae
676 3126 769 3200 magis
797 3124 969 3201 reprehendi
1001 3145 1087 3199 qnam
1118 3127 1224 3202 corrigi
1255 3127 1353 3202 pos-9

264 3226 322 3304 int,
344 3232 468 3290 oblitum
480 3249 512 3286 se
533 3250 591 3286 non
614 3230 769 3301 facturum,
788 3242 820 3287 ut
834 3231 949 3287 insultet
969 3230 1098 3287 adversis
1110 3233 1196 3286 rebus
1213 3248 1322 3288 eorum.

264 3330 376 3396 Etolos
407 3355 525 3413 quoque
554 3337 637 3392 finire
664 3337 781 3392 tandem
810 3336 950 3392 adversus
982 3354 1014 3390 se
1042 3330 1110 3392 odia
1141 3337 1262 3406 debere,
1296 3343 1324 3390 et

264 3434 436 3500 dicandrum
462 3442 599 3516 privatim
629 3442 690 3497 eius
714 3442 787 3512 diei,
818 3460 876 3514 quo
910 3452 1042 3497 servatus
1066 3460 1083 3496 a
1104 3459 1136 3497 se
1157 3440 1241 3509 foret,
1265 3458 1323 3495 me·

264 3547 383 3607 uiniae.
434 3548 485 3603 Ita·
504 3548 590 3616 datis,
613 3548 662 3621 qui
684 3548 713 3604 in
735 3556 828 3602 tutum
851 3565 915 3601 eum
940 3556 1197 3620 prosequerentur,
1220 3546 1323 3619 Hypa-
1340 3542 1370 3595 ll

264 3665 317 3711 nm
339 3653 491 3712 Nicander
512 3653 740 3710 consultantibus
763 3652 799 3708 de
821 3670 894 3726 pace
915 3652 1050 3708 Romana
1072 3650 1248 3727 supervenit.

283 3770 293 3782 ‘
341 3760 392 3820 Μ’.
416 3759 547 3829 Acilius,
571 3759 689 3814 vendita
710 3767 762 3814 aut
783 3776 922 3815 concesso
942 3758 1026 3814 militi
1050 3759 1127 3814 circa
1149 3736 1325 3821 Heracleam
1379 3743 1419 3812 30

264 3867 364 3935 lreda,
386 3874 544 3940 postquam
569 3882 621 3920 nec
648 3865 775 3939 Hypatae
798 3873 905 3939 pacata
930 3863 1051 3920 consilia
1078 3882 1155 3932 esse,
1184 3875 1213 3920 et
1242 3865 1325 3921 Nau·

264 3981 374 4030 tactum
399 3969 582 4028 concurrisse
602 3969 732 4039 AEtolos,
755 3981 786 4025 ut
806 3970 874 4025 inde
896 3978 987 4025 totum
1010 3970 1149 4043 impetum
1172 3966 1239 4024 belli
1262 3985 1326 4022 sus-

264 4068 389 4149 fluerent,
412 4075 534 4143 audivit,
556 4076 706 4149 praemisso
723 4077 801 4149 App.
817 4073 940 4131 Claudio
959 4093 1023 4130 cnm
1041 4082 1179 4146 quattuor
1200 4065 1356 4126 niillibus2

264 4182 379 4240 militum
402 4182 443 4239 ad
474 4182 646 4256 occupanda
671 4181 757 4254 iuga,
788 4199 846 4254 qua
874 4179 1004 4235 difficiles
1027 4178 1163 4234 transitus
1186 4175 1325 4232 montium

264 4298 348 4360 trant,
369 4289 434 4364 ipse
456 4287 561 4343 OEtam
585 4285 720 4352 escendit,
746 4284 924 4356 Herculique
946 4284 1117 4340 sacrificium
1143 4281 1212 4366 fecit
1239 4281 1269 4356 in
1291 4275 1357 4337 eo3
