3484 5025
462 496 522 553 240
745 492 822 553 uiua
839 490 898 546 xu.
934 482 981 556 (L
999 507 1024 542 u.
1043 504 1066 577 c.
1086 491 1162 555 ort.)

420 686 551 736 senatum
573 676 746 747 introducti,
775 675 825 751 qui
854 695 892 734 ex
913 676 1060 752 Hispania
1089 675 1227 733 citeriore
1255 688 1395 737 venerant
1414 700 1431 739 a
1449 681 1480 756 Q.

420 760 552 853 Flacco,
595 784 629 840 L.
670 782 815 841 Minucius
862 781 987 858 lagatus
1026 790 1055 839 et
1103 782 1163 841 duo
1210 784 1321 841 tribuni
1364 785 1479 857 militum,

390 890 458 949 4Τ.
475 889 598 971 Maenius
620 897 649 945 et
670 888 707 949 L.
723 888 879 946 Terentius
894 887 1067 945 Massiliota.
1112 888 1153 946 Hi
1178 906 1271 963 quum
1296 891 1354 948 duo
1369 893 1481 951 secunda

421 994 534 1068 proelia,
547 994 721 1051 deditionem
738 992 910 1065 Celtiberia,
925 992 1086 1059 confectam
1102 994 1291 1070 provinciam
1306 996 1481 1067 nuntiassent,

357 1140 392 1182 ο.
421 1117 475 1156 nec
496 1099 656 1173 stipendio,
688 1098 767 1173 quod
797 1097 871 1155 mit'ti
898 1097 1020 1170 soleret,
1049 1117 1102 1157 noc
1130 1098 1283 1158 frumento
1314 1110 1428 1175 portato
1452 1102 1482 1159 ad

392 1204 581 1265 5cxcrcitum
603 1204 632 1261 in
655 1222 719 1261 eum
740 1222 849 1259 amum
875 1222 949 1277 opus
969 1222 1042 1275 esse,
1064 1204 1212 1280 petierunt
1233 1206 1275 1262 ab
1298 1214 1416 1276 senatu,
1434 1206 1482 1282 pri·
1516 1195 1520 1202 ¹

422 1328 500 1367 nrum
523 1319 556 1367 ut
577 1310 614 1365 ob
636 1326 683 1364 ras
698 1324 837 1382 prospere
858 1315 957 1381 gestas
981 1306 1035 1363 diis
1049 1307 1268 1367 immortalibus
1290 1310 1387 1368 honos
1407 1312 1482 1381 habe·

391 1425 514 1484 oretur,
542 1414 646 1471 deinde
675 1423 704 1469 ut
730 1412 766 1485 Q.
787 1412 894 1477 Fulvio
923 1398 1072 1470 decedenti
1086 1408 1133 1471 'da
1153 1414 1315 1488 provincia
1342 1416 1483 1492 deportare

420 1521 489 1579 inde
511 1519 685 1588 exercitum,
716 1518 797 1574 cuius
819 1516 890 1574 forti
912 1537 1002 1593 opera
1030 1518 1145 1595 etipse
1179 1528 1209 1578 et
1230 1520 1319 1577 multi
1341 1530 1409 1578 ante
1429 1540 1482 1579 eun

421 1636 560 1702 praetores
584 1624 628 1680 usi
650 1632 761 1692 essent,
787 1622 909 1693 liceret,
929 1623 1009 1697 quod
1029 1624 1108 1696 fieri,
1130 1635 1331 1701 praeterquam
1356 1626 1433 1701 quod
1449 1627 1482 1683 itt

392 1732 555 1799 7deberet,
586 1729 671 1786 etiarn
704 1747 796 1803 prope
821 1727 1017 1785 necessarium
1045 1747 1126 1800 esse3
1155 1730 1200 1787 ita
1229 1730 1311 1787 enim
1335 1731 1482 1788 obstinatos

422 1853 485 1893 esse
500 1834 613 1904 milites,
636 1842 667 1889 ut
688 1851 747 1889 non
769 1834 845 1890 ultra
858 1834 975 1891 retineri
996 1830 1091 1909 posse
1103 1835 1133 1891 in
1148 1836 1308 1911 provincia
1320 1838 1481 1907 viderentur,

420 1941 589 2013 iniussuque
618 1938 725 1996 abituri
753 1938 820 1995 inde
850 1947 961 2009 essent,
991 1939 1016 1995 si
1041 1958 1100 1997 non
1126 1942 1361 2014 dimitterentur,
1391 1951 1439 1999 aut
1458 1942 1481 1999 in

422 2045 633 2122 perniciosam,
662 2044 686 2100 si
716 2044 780 2118 quis
811 2044 942 2119 impense
967 2045 1119 2119 retineret,
1147 2049 1324 2107 seditionem
1355 2048 1480 2106 exarsur't
1508 2069 1511 2076 ·

348 2217 351 2222 ,
391 2149 598 2213 ⁸Consulibus
625 2149 769 2206 ambobus
796 2149 977 2224 provinciam
1006 2150 1130 2225 Ligures
1158 2169 1223 2209 esse
1254 2162 1378 2210 senatus
1403 2153 1480 2211 iussit.

422 2258 567 2314 Praetores
594 2255 661 2312 inde
686 2254 780 2311 sortiti
808 2262 891 2323 sunt3
920 2256 959 2313 A.
981 2253 1109 2312 Hostilio
1133 2254 1265 2327 urbana,
1288 2257 1338 2315 Ti.
1369 2239 1481 2316 Minucio

423 2360 577 2435 peregrina
596 2360 736 2430 obvenit,
764 2360 799 2418 P.
830 2356 967 2416 Cornelio
995 2353 1109 2429 Sicilia,
1139 2356 1173 2419 C.
1200 2360 1314 2420 Maenio
1345 2363 1480 2431 Sardinia,

392 2466 582 2542 9Hispauias
615 2464 710 2522 sortiti
741 2465 777 2522 L.
803 2464 972 2522 Postumius
1005 2443 1187 2538 ulteriorem,
1220 2466 1270 2525 Ti.
1304 2467 1480 2545 Sempronius

374 2584 408 2636 ιο
423 2571 595 2628 citeriorem.
678 2571 708 2626 Is
754 2569 823 2643 quia
867 2587 1051 2627 successurus
1099 2569 1136 2643 Q.
1172 2572 1283 2630 Fulvio
1333 2585 1411 2646 erat,
1453 2592 1480 2630 nc

421 2684 518 2733 vetere
541 2676 667 2733 exercitu
690 2675 841 2766 propincia
862 2675 1051 2750 spoliaretur,
1082 2675 1227 2749 „Quaer0“
1253 2677 1353 2753 inquit
1383 2680 1479 2750 „deta

421 2783 456 2840 L.
478 2782 605 2849 Minuci,
639 2799 727 2853 quum
750 2778 912 2837 confectam
934 2781 1114 2856 provinciam
1136 2782 1269 2855 nunties,
1299 2785 1478 2850 existimesne,

421 2885 583 2944 Celtiberos
605 2894 746 2960 perpetuo
769 2885 798 2940 in
822 2885 879 2942 fide
903 2904 1071 2956 mansuros,
1101 2888 1142 2944 ita
1164 2896 1196 2944 ut
1218 2888 1284 2946 siue
1307 2891 1434 2948 exercitu
1453 2907 1478 2945 eo

372 3001 403 3052 ll
420 2991 573 3067 provincia
595 2990 719 3048 obtineri
739 2990 852 3065 possit,
890 2991 914 3047 si
935 3010 1030 3065 neque
1052 2993 1087 3050 de
1108 2994 1165 3050 fide
1188 2995 1390 3053 barbarorum
1412 2995 1496 3070 quic·¹

421 3116 508 3170 quam
541 3096 669 3172 recipere
689 3103 739 3150 aut
766 3093 915 3153 affirmare
936 3096 1020 3153 nobis
1046 3106 1144 3172 potes,
1176 3109 1205 3156 et
1231 3101 1404 3158 habendum
1434 3099 1477 3156 illic

421 3203 520 3276 utique
550 3201 706 3259 exercitum
742 3217 857 3270 censes,
890 3208 985 3268 utrum
1017 3204 1133 3260 tandem
1167 3214 1274 3262 auctor
1307 3207 1421 3286 senatui
1448 3204 1477 3261 sis

419 3307 649 3383 supplementum
682 3304 711 3360 in
744 3303 919 3379 Hispaniam
951 3306 1099 3379 mittendi,
1133 3317 1164 3365 ut
1196 3309 1216 3365 ii
1246 3309 1356 3381 modo,
1389 3310 1477 3384 quibus

420 3413 540 3469 emerita
562 3411 704 3487 stipendia
726 3411 798 3481 sint,
828 3409 932 3466 milites
954 3411 1148 3483 dimittantur,
1178 3413 1332 3471 veteribus
1356 3415 1477 3472 militibus

337 3559 339 3563 f
369 3522 405 3578 12
421 3516 528 3575 tirones
543 3517 768 3586 immisceantur,
790 3534 837 3584 an,
860 3514 990 3585 deductis
1012 3517 1048 3574 de
1072 3518 1224 3593 provincia
1247 3521 1401 3578 veteribus
1420 3519 1476 3594 legi·

422 3622 534 3691 onibus,
557 3640 650 3680 novas
666 3620 865 3678 conscribendi
888 3629 916 3676 et
932 3607 1070 3693 mittendi,
1093 3642 1181 3696 quum
1201 3635 1407 3701 contemptum
1421 3626 1476 3683 tiro·

420 3727 524 3784 oinium
549 3728 635 3784 etiam
651 3725 779 3782 mitiores
795 3724 937 3782 barbaros
954 3727 1081 3784 excitare
1103 3727 1142 3784 ad
1167 3729 1374 3788 rebellandum
1391 3729 1475 3807 possit.

369 3842 403 3894 13
418 3832 506 3888 Dictu
530 3851 616 3905 quam
641 3851 673 3888 re
693 3830 807 3887 facilius
830 3829 868 3886 sit
888 3832 1068 3904 provinciam
1089 3832 1206 3906 ingenio
1228 3833 1378 3907 ferocem,
1397 3833 1475 3893 rebel-

417 3936 547 3993 latricem
569 3936 736 3995 confecisse.
784 3938 892 3993 Paucae
920 3936 1068 4009 civitates,
1097 3947 1128 3993 ut
1158 3938 1277 4012 quidem
1308 3960 1366 4017 ego
1394 3941 1476 4006 audio,

420 4061 493 4117 quas
522 4043 617 4100 vicina
644 4042 770 4098 maxime
798 4042 920 4098 hiberna
941 4044 1128 4117 premebant,
1155 4043 1185 4098 iu
1216 4043 1263 4100 ius
1287 4047 1475 4120 dicionemque

368 4164 401 4216 14
417 4159 573 4218 venerunt3
602 4148 751 4205 ulteriores
773 4147 803 4202 in
825 4146 914 4203 armis
935 4157 1010 4203 sunt.
1059 4146 1132 4220 Quae
1155 4166 1244 4222 quum
1267 4151 1312 4208 ita
1334 4153 1407 4223 sint,
1431 4167 1474 4225 ego

415 4250 474 4306 iam
495 4251 562 4307 hinc
584 4252 720 4326 praedico,
741 4262 840 4327 patres
860 4252 1024 4328 conscripti,
1047 4271 1093 4309 me
1114 4254 1244 4312 exercitu
1270 4273 1316 4330 eo,
1344 4260 1394 4334 qui
1413 4272 1474 4315 nuuc
