<?xml version="1.0" encoding="UTF-8"?>
<!DOCTYPE html PUBLIC "-//W3C//DTD XHTML 1.0 Transitional//EN"
    "http://www.w3.org/TR/xhtml1/DTD/xhtml1-transitional.dtd">
<html xmlns="http://www.w3.org/1999/xhtml" xml:lang="en" lang="en">
 <head>
  <title>
</title>
<meta http-equiv="Content-Type" content="text/html;charset=utf-8" />
  <meta name='ocr-system' content='tesseract 3.04.00' />
  <meta name='ocr-capabilities' content='ocr_page ocr_carea ocr_par ocr_line ocrx_word'/>
</head>
<body>
  <div class='ocr_page' id='page_1' title='image "./titiliviihistor00ussigoog_0046.png"; bbox 0 0 3484 5025; ppageno 0'>
   <div class='ocr_carea' id='block_1_1' title="bbox 458 495 1160 561">
    <p class='ocr_par' dir='ltr' id='par_1_1' title="bbox 458 495 1160 561">
     <span class='ocr_line' id='line_1_1' title="bbox 458 495 1160 561; baseline 0.001 -17"><span class='ocrx_word' id='word_1_1' title='bbox 458 502 476 555; x_wconf 76' lang='lat'><strong>8</strong></span> <span class='ocrx_word' id='word_1_2' title='bbox 718 496 798 547; x_wconf 88' lang='lat' dir='ltr'><strong>Liber</strong></span> <span class='ocrx_word' id='word_1_3' title='bbox 815 495 917 551; x_wconf 78' lang='lat' dir='ltr'><strong>XXXI.</strong></span> <span class='ocrx_word' id='word_1_4' title='bbox 955 496 1000 561; x_wconf 81' lang='grc' dir='ltr'><strong>(Δ.</strong></span> <span class='ocrx_word' id='word_1_5' title='bbox 1011 511 1036 546; x_wconf 84' lang='lat' dir='ltr'><strong>u.</strong></span> <span class='ocrx_word' id='word_1_6' title='bbox 1049 510 1073 549; x_wconf 77' lang='lat' dir='ltr'><strong>e.</strong></span> <span class='ocrx_word' id='word_1_7' title='bbox 1089 499 1160 556; x_wconf 73' lang='lat' dir='ltr'><strong>tta.)</strong></span> 
     </span>
    </p>
   </div>
   <div class='ocr_carea' id='block_1_2' title="bbox 320 666 1481 4410">
    <p class='ocr_par' dir='ltr' id='par_1_2' title="bbox 320 666 1481 4410">
     <span class='ocr_line' id='line_1_2' title="bbox 414 666 1481 754; baseline -0.001 -16"><span class='ocrx_word' id='word_1_8' title='bbox 414 666 531 738; x_wconf 83' lang='lat' dir='ltr'><strong>bellum</strong></span> <span class='ocrx_word' id='word_1_9' title='bbox 550 699 623 754; x_wconf 91' lang='lat' dir='ltr'><strong>opus</strong></span> <span class='ocrx_word' id='word_1_10' title='bbox 653 689 764 748; x_wconf 72' lang='lat' dir='ltr'><strong>msent,</strong></span> <span class='ocrx_word' id='word_1_11' title='bbox 800 678 903 735; x_wconf 86' lang='lat' dir='ltr'><strong>civitas</strong></span> <span class='ocrx_word' id='word_1_12' title='bbox 931 677 1083 752; x_wconf 87' lang='lat' dir='ltr'><strong>religiosa,</strong></span> <span class='ocrx_word' id='word_1_13' title='bbox 1116 677 1147 734; x_wconf 93' lang='lat' dir='ltr'><strong>in</strong></span> <span class='ocrx_word' id='word_1_14' title='bbox 1175 678 1323 753; x_wconf 80' lang='lat' dir='ltr'><strong>principiis</strong></span> <span class='ocrx_word' id='word_1_15' title='bbox 1352 677 1481 737; x_wconf 85' lang='lat' dir='ltr'><strong>maxime</strong></span> 
     </span>
     <span class='ocr_line' id='line_1_3' title="bbox 384 781 1479 857; baseline -0.003 -15"><span class='ocrx_word' id='word_1_16' title='bbox 384 788 556 842; x_wconf 77' lang='lat' dir='ltr'><strong>dnovorum</strong></span> <span class='ocrx_word' id='word_1_17' title='bbox 568 784 721 854; x_wconf 89' lang='lat' dir='ltr'><strong>bellorum,</strong></span> <span class='ocrx_word' id='word_1_18' title='bbox 741 781 1000 857; x_wconf 76' lang='lat' dir='ltr'><strong>supplicationibus</strong></span> <span class='ocrx_word' id='word_1_19' title='bbox 1020 782 1127 840; x_wconf 90' lang='lat' dir='ltr'><strong>habitis</strong></span> <span class='ocrx_word' id='word_1_20' title='bbox 1147 783 1206 840; x_wconf 90' lang='lat' dir='ltr'><strong>iam</strong></span> <span class='ocrx_word' id='word_1_21' title='bbox 1228 791 1257 839; x_wconf 91' lang='lat' dir='ltr'><strong>et</strong></span> <span class='ocrx_word' id='word_1_22' title='bbox 1277 782 1479 840; x_wconf 74' lang='lat' dir='ltr'><strong>obsecratione</strong></span> 
     </span>
     <span class='ocr_line' id='line_1_4' title="bbox 414 885 1480 972; baseline -0.002 -27"><span class='ocrx_word' id='word_1_23' title='bbox 414 889 493 945; x_wconf 89' lang='lat' dir='ltr'><strong>circa</strong></span> <span class='ocrx_word' id='word_1_24' title='bbox 520 887 618 944; x_wconf 89' lang='lat' dir='ltr'><strong>omnia</strong></span> <span class='ocrx_word' id='word_1_25' title='bbox 638 887 803 962; x_wconf 86' lang='lat' dir='ltr'><strong>pulvinaria</strong></span> <span class='ocrx_word' id='word_1_26' title='bbox 822 885 919 972; x_wconf 79' lang='lat' dir='ltr'><strong>iacta,</strong></span> <span class='ocrx_word' id='word_1_27' title='bbox 946 906 984 944; x_wconf 91' lang='lat' dir='ltr'><strong>ne</strong></span> <span class='ocrx_word' id='word_1_28' title='bbox 1005 887 1074 961; x_wconf 92' lang='lat' dir='ltr'><strong>quid</strong></span> <span class='ocrx_word' id='word_1_29' title='bbox 1095 886 1374 961; x_wconf 57' lang='lat' dir='ltr'><strong>praemitteretur,</strong></span> <span class='ocrx_word' id='word_1_30' title='bbox 1400 887 1480 961; x_wconf 89' lang='lat' dir='ltr'><strong>quod</strong></span> 
     </span>
     <span class='ocr_line' id='line_1_5' title="bbox 414 981 1480 1066; baseline -0.001 -16"><span class='ocrx_word' id='word_1_31' title='bbox 414 981 572 1066; x_wconf 86' lang='lat' dir='ltr'><strong>aliquando</strong></span> <span class='ocrx_word' id='word_1_32' title='bbox 587 991 696 1049; x_wconf 89' lang='lat' dir='ltr'><strong>factum</strong></span> <span class='ocrx_word' id='word_1_33' title='bbox 716 1001 801 1061; x_wconf 87' lang='lat' dir='ltr'><strong>esset,</strong></span> <span class='ocrx_word' id='word_1_34' title='bbox 821 992 906 1048; x_wconf 87' lang='lat' dir='ltr'><strong>ludos</strong></span> <span class='ocrx_word' id='word_1_35' title='bbox 920 992 986 1050; x_wconf 87' lang='lat' dir='ltr'><strong>Iovi</strong></span> <span class='ocrx_word' id='word_1_36' title='bbox 1006 992 1172 1066; x_wconf 88' lang='lat' dir='ltr'><strong>donumque</strong></span> <span class='ocrx_word' id='word_1_37' title='bbox 1193 1008 1300 1048; x_wconf 79' lang='lat' dir='ltr'><strong>vovere</strong></span> <span class='ocrx_word' id='word_1_38' title='bbox 1320 992 1480 1063; x_wconf 90' lang='lat' dir='ltr'><strong>consulem,</strong></span> 
     </span>
     <span class='ocr_line' id='line_1_6' title="bbox 385 1096 1479 1171; baseline -0.001 -17"><span class='ocrx_word' id='word_1_39' title='bbox 385 1097 462 1155; x_wconf 74' lang='lat' dir='ltr'><strong>lcui</strong></span> <span class='ocrx_word' id='word_1_40' title='bbox 479 1097 630 1171; x_wconf 89' lang='lat' dir='ltr'><strong>provincia</strong></span> <span class='ocrx_word' id='word_1_41' title='bbox 646 1096 822 1153; x_wconf 85' lang='lat' dir='ltr'><strong>Macedonia</strong></span> <span class='ocrx_word' id='word_1_42' title='bbox 840 1096 993 1167; x_wconf 87' lang='lat' dir='ltr'><strong>evenisset,</strong></span> <span class='ocrx_word' id='word_1_43' title='bbox 1011 1097 1101 1155; x_wconf 83' lang='lat' dir='ltr'><strong>iussit.</strong></span> <span class='ocrx_word' id='word_1_44' title='bbox 1144 1096 1260 1154; x_wconf 90' lang='lat' dir='ltr'><strong>Moram</strong></span> <span class='ocrx_word' id='word_1_45' title='bbox 1276 1107 1345 1154; x_wconf 88' lang='lat' dir='ltr'><strong>voto</strong></span> <span class='ocrx_word' id='word_1_46' title='bbox 1361 1096 1479 1171; x_wconf 86' lang='lat' dir='ltr'><strong>publico</strong></span> 
     </span>
     <span class='ocr_line' id='line_1_7' title="bbox 383 1200 1481 1276; baseline 0.001 -18"><span class='ocrx_word' id='word_1_47' title='bbox 383 1269 385 1273; x_wconf 21' lang='lat'><strong><em>¹</em></strong></span> <span class='ocrx_word' id='word_1_48' title='bbox 415 1201 542 1259; x_wconf 91' lang='lat' dir='ltr'><strong>Licinius</strong></span> <span class='ocrx_word' id='word_1_49' title='bbox 577 1200 710 1276; x_wconf 83' lang='lat' dir='ltr'><strong>pontifex</strong></span> <span class='ocrx_word' id='word_1_50' title='bbox 738 1201 883 1258; x_wconf 88' lang='lat' dir='ltr'><strong>maximus</strong></span> <span class='ocrx_word' id='word_1_51' title='bbox 912 1201 1022 1271; x_wconf 88' lang='lat' dir='ltr'><strong>attulit,</strong></span> <span class='ocrx_word' id='word_1_52' title='bbox 1059 1201 1109 1275; x_wconf 91' lang='lat' dir='ltr'><strong>qui</strong></span> <span class='ocrx_word' id='word_1_53' title='bbox 1143 1200 1262 1275; x_wconf 85' lang='lat' dir='ltr'><strong>negavit</strong></span> <span class='ocrx_word' id='word_1_54' title='bbox 1295 1220 1332 1258; x_wconf 88' lang='lat' dir='ltr'><strong>ex</strong></span> <span class='ocrx_word' id='word_1_55' title='bbox 1367 1201 1481 1259; x_wconf 87' lang='lat' dir='ltr'><strong>ineerta</strong></span> 
     </span>
     <span class='ocr_line' id='line_1_8' title="bbox 413 1304 1480 1381; baseline -0.002 -18"><span class='ocrx_word' id='word_1_56' title='bbox 413 1306 537 1381; x_wconf 85' lang='lat' dir='ltr'><strong>pecunie</strong></span> <span class='ocrx_word' id='word_1_57' title='bbox 572 1324 681 1362; x_wconf 86' lang='lat' dir='ltr'><strong>vovere</strong></span> <span class='ocrx_word' id='word_1_58' title='bbox 719 1307 812 1375; x_wconf 70' lang='lat' dir='ltr'><strong>licem</strong></span> <span class='ocrx_word' id='word_1_59' title='bbox 855 1324 889 1361; x_wconf 80' lang='lat' dir='ltr'><strong>aa</strong></span> <span class='ocrx_word' id='word_1_60' title='bbox 926 1314 1002 1361; x_wconf 83' lang='lat' dir='ltr'><strong>certa</strong></span> <span class='ocrx_word' id='word_1_61' title='bbox 1039 1308 1133 1362; x_wconf 81' lang='lat' dir='ltr'><strong>voveri</strong></span> <span class='ocrx_word' id='word_1_62' title='bbox 1168 1305 1287 1375; x_wconf 89' lang='lat' dir='ltr'><strong>debere,</strong></span> <span class='ocrx_word' id='word_1_63' title='bbox 1333 1304 1404 1379; x_wconf 89' lang='lat' dir='ltr'><strong>quia</strong></span> <span class='ocrx_word' id='word_1_64' title='bbox 1447 1324 1480 1362; x_wconf 80' lang='lat' dir='ltr'><strong>aa</strong></span> 
     </span>
     <span class='ocr_line' id='line_1_9' title="bbox 414 1408 1480 1485; baseline -0.001 -18"><span class='ocrx_word' id='word_1_65' title='bbox 414 1410 537 1485; x_wconf 83' lang='lat' dir='ltr'><strong>pecunia</strong></span> <span class='ocrx_word' id='word_1_66' title='bbox 568 1428 627 1466; x_wconf 92' lang='lat' dir='ltr'><strong>uon</strong></span> <span class='ocrx_word' id='word_1_67' title='bbox 658 1419 758 1484; x_wconf 89' lang='lat' dir='ltr'><strong>posset</strong></span> <span class='ocrx_word' id='word_1_68' title='bbox 788 1411 818 1465; x_wconf 91' lang='lat' dir='ltr'><strong>in</strong></span> <span class='ocrx_word' id='word_1_69' title='bbox 849 1409 955 1466; x_wconf 90' lang='lat' dir='ltr'><strong>bellum</strong></span> <span class='ocrx_word' id='word_1_70' title='bbox 983 1409 1048 1466; x_wconf 87' lang='lat' dir='ltr'><strong>usui</strong></span> <span class='ocrx_word' id='word_1_71' title='bbox 1081 1427 1145 1466; x_wconf 88' lang='lat' dir='ltr'><strong>esse</strong></span> <span class='ocrx_word' id='word_1_72' title='bbox 1183 1409 1343 1483; x_wconf 83' lang='lat' dir='ltr'><strong>seponique</strong></span> <span class='ocrx_word' id='word_1_73' title='bbox 1379 1408 1480 1466; x_wconf 86' lang='lat' dir='ltr'><strong>statim</strong></span> 
     </span>
     <span class='ocr_line' id='line_1_10' title="bbox 414 1512 1480 1589; baseline -0.002 -18"><span class='ocrx_word' id='word_1_74' title='bbox 414 1515 533 1571; x_wconf 86' lang='lat' dir='ltr'><strong>deberet</strong></span> <span class='ocrx_word' id='word_1_75' title='bbox 552 1531 607 1570; x_wconf 90' lang='lat' dir='ltr'><strong>nce</strong></span> <span class='ocrx_word' id='word_1_76' title='bbox 627 1531 693 1569; x_wconf 87' lang='lat' dir='ltr'><strong>eum</strong></span> <span class='ocrx_word' id='word_1_77' title='bbox 715 1514 774 1571; x_wconf 90' lang='lat' dir='ltr'><strong>alia</strong></span> <span class='ocrx_word' id='word_1_78' title='bbox 794 1515 917 1589; x_wconf 89' lang='lat' dir='ltr'><strong>pecunia</strong></span> <span class='ocrx_word' id='word_1_79' title='bbox 938 1514 1066 1582; x_wconf 79' lang='lat' dir='ltr'><strong>misceri3</strong></span> <span class='ocrx_word' id='word_1_80' title='bbox 1096 1513 1174 1587; x_wconf 88' lang='lat' dir='ltr'><strong>quod</strong></span> <span class='ocrx_word' id='word_1_81' title='bbox 1202 1513 1227 1569; x_wconf 92' lang='lat' dir='ltr'><strong>si</strong></span> <span class='ocrx_word' id='word_1_82' title='bbox 1254 1512 1364 1569; x_wconf 83' lang='lat' dir='ltr'><strong>factum</strong></span> <span class='ocrx_word' id='word_1_83' title='bbox 1393 1522 1480 1583; x_wconf 89' lang='lat' dir='ltr'><strong>esset,</strong></span> 
     </span>
     <span class='ocr_line' id='line_1_11' title="bbox 383 1612 1480 1704; baseline -0.001 -30"><span class='ocrx_word' id='word_1_84' title='bbox 383 1612 514 1674; x_wconf 87' lang='lat' dir='ltr'><strong>8v0tum</strong></span> <span class='ocrx_word' id='word_1_85' title='bbox 545 1618 606 1704; x_wconf 69' lang='lat' dir='ltr'><strong>rite</strong></span> <span class='ocrx_word' id='word_1_86' title='bbox 629 1618 705 1675; x_wconf 89' lang='lat' dir='ltr'><strong>solvi</strong></span> <span class='ocrx_word' id='word_1_87' title='bbox 735 1636 794 1674; x_wconf 93' lang='lat' dir='ltr'><strong>uon</strong></span> <span class='ocrx_word' id='word_1_88' title='bbox 823 1637 920 1693; x_wconf 90' lang='lat' dir='ltr'><strong>posse.</strong></span> <span class='ocrx_word' id='word_1_89' title='bbox 973 1617 1148 1692; x_wconf 79' lang='lat' dir='ltr'><strong>Quanquam</strong></span> <span class='ocrx_word' id='word_1_90' title='bbox 1179 1627 1207 1674; x_wconf 92' lang='lat' dir='ltr'><strong>et</strong></span> <span class='ocrx_word' id='word_1_91' title='bbox 1238 1636 1285 1673; x_wconf 89' lang='lat' dir='ltr'><strong>res</strong></span> <span class='ocrx_word' id='word_1_92' title='bbox 1317 1627 1347 1673; x_wconf 92' lang='lat' dir='ltr'><strong>et</strong></span> <span class='ocrx_word' id='word_1_93' title='bbox 1377 1628 1480 1674; x_wconf 88' lang='lat' dir='ltr'><strong>auctor</strong></span> 
     </span>
     <span class='ocr_line' id='line_1_12' title="bbox 415 1720 1480 1796; baseline 0.003 -20"><span class='ocrx_word' id='word_1_94' title='bbox 415 1721 561 1790; x_wconf 87' lang='lat' dir='ltr'><strong>movebat,</strong></span> <span class='ocrx_word' id='word_1_95' title='bbox 583 1730 680 1778; x_wconf 89' lang='lat' dir='ltr'><strong>tamen</strong></span> <span class='ocrx_word' id='word_1_96' title='bbox 702 1722 740 1778; x_wconf 90' lang='lat' dir='ltr'><strong>ad</strong></span> <span class='ocrx_word' id='word_1_97' title='bbox 761 1721 914 1796; x_wconf 84' lang='lat' dir='ltr'><strong>collegium</strong></span> <span class='ocrx_word' id='word_1_98' title='bbox 935 1721 1101 1796; x_wconf 89' lang='lat' dir='ltr'><strong>pontificum</strong></span> <span class='ocrx_word' id='word_1_99' title='bbox 1123 1720 1231 1778; x_wconf 83' lang='lat' dir='ltr'><strong>referre</strong></span> <span class='ocrx_word' id='word_1_100' title='bbox 1252 1721 1354 1779; x_wconf 89' lang='lat' dir='ltr'><strong>consul</strong></span> <span class='ocrx_word' id='word_1_101' title='bbox 1374 1721 1480 1793; x_wconf 88' lang='lat' dir='ltr'><strong>iussus,</strong></span> 
     </span>
     <span class='ocr_line' id='line_1_13' title="bbox 414 1824 1479 1901; baseline 0.003 -21"><span class='ocrx_word' id='word_1_102' title='bbox 414 1824 440 1880; x_wconf 90' lang='lat' dir='ltr'><strong>si</strong></span> <span class='ocrx_word' id='word_1_103' title='bbox 468 1834 568 1898; x_wconf 90' lang='lat' dir='ltr'><strong>posset</strong></span> <span class='ocrx_word' id='word_1_104' title='bbox 595 1835 674 1881; x_wconf 89' lang='lat' dir='ltr'><strong>reete</strong></span> <span class='ocrx_word' id='word_1_105' title='bbox 700 1836 800 1883; x_wconf 85' lang='lat' dir='ltr'><strong>votum</strong></span> <span class='ocrx_word' id='word_1_106' title='bbox 825 1826 1090 1899; x_wconf 81' lang='lat' dir='ltr'><strong>ineertaepeeuniae</strong></span> <span class='ocrx_word' id='word_1_107' title='bbox 1111 1826 1226 1901; x_wconf 81' lang='lat' dir='ltr'><strong>suscipi.</strong></span> <span class='ocrx_word' id='word_1_108' title='bbox 1280 1826 1388 1897; x_wconf 84' lang='lat' dir='ltr'><strong>Posse,</strong></span> <span class='ocrx_word' id='word_1_109' title='bbox 1416 1841 1479 1883; x_wconf 89' lang='lat' dir='ltr'><strong>rec·</strong></span> 
     </span>
     <span class='ocr_line' id='line_1_14' title="bbox 383 1924 1479 2005; baseline 0.006 -24"><span class='ocrx_word' id='word_1_110' title='bbox 383 1924 529 2002; x_wconf 87' lang='lat' dir='ltr'><strong>9tiusque</strong></span> <span class='ocrx_word' id='word_1_111' title='bbox 556 1928 645 1985; x_wconf 85' lang='lat' dir='ltr'><strong>etiam</strong></span> <span class='ocrx_word' id='word_1_112' title='bbox 673 1947 750 2001; x_wconf 89' lang='lat' dir='ltr'><strong>esse,</strong></span> <span class='ocrx_word' id='word_1_113' title='bbox 779 1930 930 2005; x_wconf 85' lang='lat' dir='ltr'><strong>pontifices</strong></span> <span class='ocrx_word' id='word_1_114' title='bbox 956 1930 1152 1987; x_wconf 85' lang='lat' dir='ltr'><strong>decreverunt.</strong></span> <span class='ocrx_word' id='word_1_115' title='bbox 1211 1930 1304 1988; x_wconf 87' lang='lat' dir='ltr'><strong>Vovit</strong></span> <span class='ocrx_word' id='word_1_116' title='bbox 1324 1930 1355 1986; x_wconf 91' lang='lat' dir='ltr'><strong>in</strong></span> <span class='ocrx_word' id='word_1_117' title='bbox 1376 1931 1479 1988; x_wconf 88' lang='lat' dir='ltr'><strong>eadem</strong></span> 
     </span>
     <span class='ocr_line' id='line_1_15' title="bbox 414 2032 1478 2109; baseline 0.003 -21"><span class='ocrx_word' id='word_1_118' title='bbox 414 2034 506 2089; x_wconf 85' lang='lat' dir='ltr'><strong>verba</strong></span> <span class='ocrx_word' id='word_1_119' title='bbox 527 2034 642 2104; x_wconf 86' lang='lat' dir='ltr'><strong>consul,</strong></span> <span class='ocrx_word' id='word_1_120' title='bbox 663 2046 809 2109; x_wconf 72' lang='lat' dir='ltr'><strong>preeunte</strong></span> <span class='ocrx_word' id='word_1_121' title='bbox 830 2034 958 2092; x_wconf 87' lang='lat' dir='ltr'><strong>maximo</strong></span> <span class='ocrx_word' id='word_1_122' title='bbox 981 2032 1130 2108; x_wconf 86' lang='lat' dir='ltr'><strong>pontifice,</strong></span> <span class='ocrx_word' id='word_1_123' title='bbox 1160 2033 1264 2107; x_wconf 91' lang='lat' dir='ltr'><strong>quibus</strong></span> <span class='ocrx_word' id='word_1_124' title='bbox 1286 2043 1373 2091; x_wconf 84' lang='lat' dir='ltr'><strong>antea</strong></span> <span class='ocrx_word' id='word_1_125' title='bbox 1394 2036 1478 2109; x_wconf 91' lang='lat' dir='ltr'><strong>quin·</strong></span> 
     </span>
     <span class='ocr_line' id='line_1_16' title="bbox 366 2135 1479 2212; baseline 0.004 -20"><span class='ocrx_word' id='word_1_126' title='bbox 366 2135 401 2187; x_wconf 85' lang='lat'><strong>10</strong></span> <span class='ocrx_word' id='word_1_127' title='bbox 415 2137 572 2209; x_wconf 89' lang='lat' dir='ltr'><strong>quennalie</strong></span> <span class='ocrx_word' id='word_1_128' title='bbox 597 2147 669 2195; x_wconf 90' lang='lat' dir='ltr'><strong>vota</strong></span> <span class='ocrx_word' id='word_1_129' title='bbox 696 2138 802 2212; x_wconf 89' lang='lat' dir='ltr'><strong>suscipi</strong></span> <span class='ocrx_word' id='word_1_130' title='bbox 828 2137 915 2194; x_wconf 91' lang='lat' dir='ltr'><strong>solita</strong></span> <span class='ocrx_word' id='word_1_131' title='bbox 945 2148 1042 2206; x_wconf 89' lang='lat' dir='ltr'><strong>crant,</strong></span> <span class='ocrx_word' id='word_1_132' title='bbox 1069 2146 1262 2211; x_wconf 80' lang='lat' dir='ltr'><strong>praeterquam</strong></span> <span class='ocrx_word' id='word_1_133' title='bbox 1289 2139 1369 2212; x_wconf 87' lang='lat' dir='ltr'><strong>quod</strong></span> <span class='ocrx_word' id='word_1_134' title='bbox 1396 2149 1479 2197; x_wconf 89' lang='lat' dir='ltr'><strong>tanta</strong></span> 
     </span>
     <span class='ocr_line' id='line_1_17' title="bbox 414 2242 1478 2317; baseline 0.006 -20"><span class='ocrx_word' id='word_1_135' title='bbox 414 2242 551 2315; x_wconf 90' lang='lat' dir='ltr'><strong>pecunia,</strong></span> <span class='ocrx_word' id='word_1_136' title='bbox 580 2251 721 2316; x_wconf 88' lang='lat' dir='ltr'><strong>quantam</strong></span> <span class='ocrx_word' id='word_1_137' title='bbox 742 2254 821 2313; x_wconf 88' lang='lat' dir='ltr'><strong>tum,</strong></span> <span class='ocrx_word' id='word_1_138' title='bbox 850 2261 940 2317; x_wconf 88' lang='lat' dir='ltr'><strong>quum</strong></span> <span class='ocrx_word' id='word_1_139' title='bbox 962 2242 1137 2311; x_wconf 88' lang='lat' dir='ltr'><strong>solveretur,</strong></span> <span class='ocrx_word' id='word_1_140' title='bbox 1165 2251 1282 2299; x_wconf 86' lang='lat' dir='ltr'><strong>senatus</strong></span> <span class='ocrx_word' id='word_1_141' title='bbox 1310 2245 1478 2317; x_wconf 89' lang='lat' dir='ltr'><strong>censuisset,</strong></span> 
     </span>
     <span class='ocr_line' id='line_1_18' title="bbox 412 2343 1479 2423; baseline 0.007 -22"><span class='ocrx_word' id='word_1_142' title='bbox 412 2346 497 2403; x_wconf 90' lang='lat' dir='ltr'><strong>ludos</strong></span> <span class='ocrx_word' id='word_1_143' title='bbox 525 2348 661 2422; x_wconf 90' lang='lat' dir='ltr'><strong>donaque</strong></span> <span class='ocrx_word' id='word_1_144' title='bbox 689 2346 834 2405; x_wconf 82' lang='lat' dir='ltr'><strong>facturum</strong></span> <span class='ocrx_word' id='word_1_145' title='bbox 863 2343 977 2407; x_wconf 70' lang='lat' dir='ltr'><strong>vovit&#39;</strong></span> <span class='ocrx_word' id='word_1_146' title='bbox 1005 2346 1104 2405; x_wconf 89' lang='lat' dir='ltr'><strong>Octies</strong></span> <span class='ocrx_word' id='word_1_147' title='bbox 1133 2355 1201 2403; x_wconf 88' lang='lat' dir='ltr'><strong>ante</strong></span> <span class='ocrx_word' id='word_1_148' title='bbox 1227 2347 1288 2403; x_wconf 95' lang='lat' dir='ltr'><strong>ludi</strong></span> <span class='ocrx_word' id='word_1_149' title='bbox 1313 2350 1414 2423; x_wconf 87' lang='lat' dir='ltr'><strong>magni</strong></span> <span class='ocrx_word' id='word_1_150' title='bbox 1442 2351 1479 2408; x_wconf 94' lang='lat' dir='ltr'><strong>de</strong></span> 
     </span>
     <span class='ocr_line' id='line_1_19' title="bbox 415 2451 1198 2528; baseline -0.001 -20"><span class='ocrx_word' id='word_1_151' title='bbox 415 2461 494 2509; x_wconf 84' lang='lat' dir='ltr'><strong>certa</strong></span> <span class='ocrx_word' id='word_1_152' title='bbox 518 2452 642 2528; x_wconf 90' lang='lat' dir='ltr'><strong>pecunia</strong></span> <span class='ocrx_word' id='word_1_153' title='bbox 662 2453 725 2509; x_wconf 90' lang='lat' dir='ltr'><strong>voti</strong></span> <span class='ocrx_word' id='word_1_154' title='bbox 746 2462 842 2522; x_wconf 89' lang='lat' dir='ltr'><strong>erant;</strong></span> <span class='ocrx_word' id='word_1_155' title='bbox 864 2452 894 2509; x_wconf 93' lang='lat' dir='ltr'><strong>hi</strong></span> <span class='ocrx_word' id='word_1_156' title='bbox 915 2452 1002 2527; x_wconf 89' lang='lat' dir='ltr'><strong>primi</strong></span> <span class='ocrx_word' id='word_1_157' title='bbox 1022 2452 1059 2507; x_wconf 90' lang='lat' dir='ltr'><strong>de</strong></span> <span class='ocrx_word' id='word_1_158' title='bbox 1078 2451 1198 2508; x_wconf 88' lang='lat' dir='ltr'><strong>incerta.</strong></span> 
     </span>
     <span class='ocr_line' id='line_1_20' title="bbox 320 2556 1481 2634; baseline 0.002 -19"><span class='ocrx_word' id='word_1_159' title='bbox 320 2559 362 2625; x_wconf 78' lang='grc'><strong>10</strong></span> <span class='ocrx_word' id='word_1_160' title='bbox 409 2556 416 2561; x_wconf 78' lang='grc'><strong>’</strong></span> <span class='ocrx_word' id='word_1_161' title='bbox 499 2556 636 2615; x_wconf 89' lang='lat' dir='ltr'><strong>Omnium</strong></span> <span class='ocrx_word' id='word_1_162' title='bbox 667 2558 770 2614; x_wconf 91' lang='lat' dir='ltr'><strong>animis</strong></span> <span class='ocrx_word' id='word_1_163' title='bbox 800 2558 830 2613; x_wconf 92' lang='lat' dir='ltr'><strong>in</strong></span> <span class='ocrx_word' id='word_1_164' title='bbox 861 2558 968 2615; x_wconf 90' lang='lat' dir='ltr'><strong>bellum</strong></span> <span class='ocrx_word' id='word_1_165' title='bbox 990 2556 1210 2614; x_wconf 85' lang='lat' dir='ltr'><strong>Macedonicum</strong></span> <span class='ocrx_word' id='word_1_166' title='bbox 1231 2558 1340 2628; x_wconf 88' lang='lat' dir='ltr'><strong>versis,</strong></span> <span class='ocrx_word' id='word_1_167' title='bbox 1361 2570 1481 2634; x_wconf 90' lang='lat' dir='ltr'><strong>repente</strong></span> 
     </span>
     <span class='ocr_line' id='line_1_21' title="bbox 414 2660 1480 2736; baseline 0.007 -21"><span class='ocrx_word' id='word_1_168' title='bbox 414 2660 485 2716; x_wconf 92' lang='lat' dir='ltr'><strong>nihil</strong></span> <span class='ocrx_word' id='word_1_169' title='bbox 508 2661 601 2717; x_wconf 92' lang='lat' dir='ltr'><strong>minus</strong></span> <span class='ocrx_word' id='word_1_170' title='bbox 617 2681 651 2718; x_wconf 93' lang='lat' dir='ltr'><strong>eo</strong></span> <span class='ocrx_word' id='word_1_171' title='bbox 670 2674 802 2736; x_wconf 90' lang='lat' dir='ltr'><strong>tempore</strong></span> <span class='ocrx_word' id='word_1_172' title='bbox 815 2663 981 2719; x_wconf 92' lang='lat' dir='ltr'><strong>timentibus</strong></span> <span class='ocrx_word' id='word_1_173' title='bbox 997 2661 1105 2720; x_wconf 86' lang='lat' dir='ltr'><strong>Gallici</strong></span> <span class='ocrx_word' id='word_1_174' title='bbox 1119 2661 1256 2718; x_wconf 91' lang='lat' dir='ltr'><strong>tumultus</strong></span> <span class='ocrx_word' id='word_1_175' title='bbox 1271 2660 1353 2718; x_wconf 86' lang='lat' dir='ltr'><strong>fama</strong></span> <span class='ocrx_word' id='word_1_176' title='bbox 1366 2674 1480 2724; x_wconf 83' lang='lat' dir='ltr'><strong>exorta.</strong></span> 
     </span>
     <span class='ocr_line' id='line_1_22' title="bbox 384 2763 1481 2841; baseline 0.003 -21"><span class='ocrx_word' id='word_1_177' title='bbox 384 2764 552 2821; x_wconf 81' lang='lat' dir='ltr'><strong>21nsubres</strong></span> <span class='ocrx_word' id='word_1_178' title='bbox 578 2763 797 2840; x_wconf 85' lang='lat' dir='ltr'><strong>Cenomanique</strong></span> <span class='ocrx_word' id='word_1_179' title='bbox 818 2777 847 2823; x_wconf 91' lang='lat' dir='ltr'><strong>et</strong></span> <span class='ocrx_word' id='word_1_180' title='bbox 868 2766 951 2835; x_wconf 87' lang='lat' dir='ltr'><strong>Boii,</strong></span> <span class='ocrx_word' id='word_1_181' title='bbox 982 2765 1083 2822; x_wconf 72' lang='lat' dir='ltr'><strong>exeitm</strong></span> <span class='ocrx_word' id='word_1_182' title='bbox 1110 2763 1256 2823; x_wconf 86' lang='lat' dir='ltr'><strong>Celinibus</strong></span> <span class='ocrx_word' id='word_1_183' title='bbox 1277 2765 1481 2841; x_wconf 87' lang='lat' dir='ltr'><strong>Ilvatibusque</strong></span> 
     </span>
     <span class='ocr_line' id='line_1_23' title="bbox 415 2870 1481 2945; baseline 0.004 -20"><span class='ocrx_word' id='word_1_184' title='bbox 415 2878 447 2925; x_wconf 86' lang='lat' dir='ltr'><strong>et&#39;</strong></span> <span class='ocrx_word' id='word_1_185' title='bbox 470 2870 574 2928; x_wconf 86' lang='lat' dir='ltr'><strong>ceteris</strong></span> <span class='ocrx_word' id='word_1_186' title='bbox 596 2870 754 2945; x_wconf 85' lang='lat' dir='ltr'><strong>Ligustinis</strong></span> <span class='ocrx_word' id='word_1_187' title='bbox 776 2870 908 2944; x_wconf 92' lang='lat' dir='ltr'><strong>populis,</strong></span> <span class='ocrx_word' id='word_1_188' title='bbox 936 2870 1105 2927; x_wconf 80' lang='lat' dir='ltr'><strong>Hamilcare</strong></span> <span class='ocrx_word' id='word_1_189' title='bbox 1132 2871 1226 2928; x_wconf 86' lang='lat' dir='ltr'><strong>Poeno</strong></span> <span class='ocrx_word' id='word_1_190' title='bbox 1253 2871 1341 2940; x_wconf 88' lang='lat' dir='ltr'><strong>duce,</strong></span> <span class='ocrx_word' id='word_1_191' title='bbox 1371 2872 1423 2944; x_wconf 90' lang='lat' dir='ltr'><strong>qui</strong></span> <span class='ocrx_word' id='word_1_192' title='bbox 1450 2873 1481 2929; x_wconf 88' lang='lat' dir='ltr'><strong>in</strong></span> 
     </span>
     <span class='ocr_line' id='line_1_24' title="bbox 413 2973 1480 3045; baseline 0.004 -15"><span class='ocrx_word' id='word_1_193' title='bbox 413 2974 449 3030; x_wconf 90' lang='lat' dir='ltr'><strong>iis</strong></span> <span class='ocrx_word' id='word_1_194' title='bbox 470 2973 542 3033; x_wconf 89' lang='lat' dir='ltr'><strong>locis</strong></span> <span class='ocrx_word' id='word_1_195' title='bbox 564 2976 600 3031; x_wconf 94' lang='lat' dir='ltr'><strong>de</strong></span> <span class='ocrx_word' id='word_1_196' title='bbox 627 2976 824 3032; x_wconf 88' lang='lat' dir='ltr'><strong>Hasdrubalis</strong></span> <span class='ocrx_word' id='word_1_197' title='bbox 846 2974 974 3031; x_wconf 87' lang='lat' dir='ltr'><strong>exercitu</strong></span> <span class='ocrx_word' id='word_1_198' title='bbox 996 2975 1173 3045; x_wconf 87' lang='lat' dir='ltr'><strong>substiterat,</strong></span> <span class='ocrx_word' id='word_1_199' title='bbox 1194 2975 1374 3032; x_wconf 84' lang='lat' dir='ltr'><strong>Placentiam</strong></span> <span class='ocrx_word' id='word_1_200' title='bbox 1397 2977 1480 3034; x_wconf 86' lang='lat' dir='ltr'><strong>inva-</strong></span> 
     </span>
     <span class='ocr_line' id='line_1_25' title="bbox 384 3079 1480 3155; baseline 0.003 -20"><span class='ocrx_word' id='word_1_201' title='bbox 384 3081 525 3148; x_wconf 82' lang='lat' dir='ltr'><strong>3serant3</strong></span> <span class='ocrx_word' id='word_1_202' title='bbox 557 3089 586 3136; x_wconf 89' lang='lat' dir='ltr'><strong>et</strong></span> <span class='ocrx_word' id='word_1_203' title='bbox 606 3080 720 3155; x_wconf 91' lang='lat' dir='ltr'><strong>direpta</strong></span> <span class='ocrx_word' id='word_1_204' title='bbox 741 3081 813 3137; x_wconf 88' lang='lat' dir='ltr'><strong>urbe</strong></span> <span class='ocrx_word' id='word_1_205' title='bbox 836 3097 871 3136; x_wconf 88' lang='lat' dir='ltr'><strong>ae</strong></span> <span class='ocrx_word' id='word_1_206' title='bbox 892 3099 946 3153; x_wconf 88' lang='lat' dir='ltr'><strong>per</strong></span> <span class='ocrx_word' id='word_1_207' title='bbox 964 3079 1039 3135; x_wconf 92' lang='lat' dir='ltr'><strong>iram</strong></span> <span class='ocrx_word' id='word_1_208' title='bbox 1062 3097 1169 3152; x_wconf 89' lang='lat' dir='ltr'><strong>magna</strong></span> <span class='ocrx_word' id='word_1_209' title='bbox 1190 3097 1227 3134; x_wconf 87' lang='lat' dir='ltr'><strong>ex</strong></span> <span class='ocrx_word' id='word_1_210' title='bbox 1248 3090 1332 3152; x_wconf 88' lang='lat' dir='ltr'><strong>parte</strong></span> <span class='ocrx_word' id='word_1_211' title='bbox 1352 3081 1480 3152; x_wconf 87' lang='lat' dir='ltr'><strong>incensa,</strong></span> 
     </span>
     <span class='ocr_line' id='line_1_26' title="bbox 415 3176 1480 3257; baseline 0.004 -18"><span class='ocrx_word' id='word_1_212' title='bbox 415 3184 466 3240; x_wconf 87' lang='lat' dir='ltr'><strong>vix</strong></span> <span class='ocrx_word' id='word_1_213' title='bbox 487 3184 600 3241; x_wconf 89' lang='lat' dir='ltr'><strong>duobus</strong></span> <span class='ocrx_word' id='word_1_214' title='bbox 622 3185 747 3242; x_wconf 89' lang='lat' dir='ltr'><strong>millibus</strong></span> <span class='ocrx_word' id='word_1_215' title='bbox 768 3176 922 3241; x_wconf 91' lang='lat' dir='ltr'><strong>hominum</strong></span> <span class='ocrx_word' id='word_1_216' title='bbox 938 3184 1014 3240; x_wconf 92' lang='lat' dir='ltr'><strong>inter</strong></span> <span class='ocrx_word' id='word_1_217' title='bbox 1033 3182 1166 3239; x_wconf 90' lang='lat' dir='ltr'><strong>incendia</strong></span> <span class='ocrx_word' id='word_1_218' title='bbox 1186 3182 1345 3256; x_wconf 90' lang='lat' dir='ltr'><strong>ruinasque</strong></span> <span class='ocrx_word' id='word_1_219' title='bbox 1362 3185 1480 3257; x_wconf 90' lang='lat' dir='ltr'><strong>relictis,</strong></span> 
     </span>
     <span class='ocr_line' id='line_1_27' title="bbox 385 3287 1481 3362; baseline 0.004 -18"><span class='ocrx_word' id='word_1_220' title='bbox 385 3289 536 3345; x_wconf 76' lang='lat' dir='ltr'><strong>dtraiecto</strong></span> <span class='ocrx_word' id='word_1_221' title='bbox 571 3290 657 3347; x_wconf 91' lang='lat' dir='ltr'><strong>Pado</strong></span> <span class='ocrx_word' id='word_1_222' title='bbox 687 3290 725 3347; x_wconf 89' lang='lat' dir='ltr'><strong>ad</strong></span> <span class='ocrx_word' id='word_1_223' title='bbox 755 3287 929 3346; x_wconf 85' lang='lat' dir='ltr'><strong>Cremonam</strong></span> <span class='ocrx_word' id='word_1_224' title='bbox 960 3287 1151 3361; x_wconf 87' lang='lat' dir='ltr'><strong>diripiendam</strong></span> <span class='ocrx_word' id='word_1_225' title='bbox 1179 3299 1312 3362; x_wconf 87' lang='lat' dir='ltr'><strong>pergunt.</strong></span> <span class='ocrx_word' id='word_1_226' title='bbox 1367 3290 1481 3348; x_wconf 80' lang='lat' dir='ltr'><strong>Vicina</strong></span> 
     </span>
     <span class='ocr_line' id='line_1_28' title="bbox 414 3391 1480 3469; baseline 0.004 -21"><span class='ocrx_word' id='word_1_227' title='bbox 414 3393 494 3448; x_wconf 89' lang='lat' dir='ltr'><strong>urbis</strong></span> <span class='ocrx_word' id='word_1_228' title='bbox 517 3393 617 3450; x_wconf 90' lang='lat' dir='ltr'><strong>audita</strong></span> <span class='ocrx_word' id='word_1_229' title='bbox 639 3394 736 3450; x_wconf 90' lang='lat' dir='ltr'><strong>clades</strong></span> <span class='ocrx_word' id='word_1_230' title='bbox 760 3394 888 3467; x_wconf 89' lang='lat' dir='ltr'><strong>spatium</strong></span> <span class='ocrx_word' id='word_1_231' title='bbox 903 3391 1013 3449; x_wconf 91' lang='lat' dir='ltr'><strong>colonis</strong></span> <span class='ocrx_word' id='word_1_232' title='bbox 1036 3392 1115 3449; x_wconf 91' lang='lat' dir='ltr'><strong>dedit</strong></span> <span class='ocrx_word' id='word_1_233' title='bbox 1134 3391 1172 3448; x_wconf 90' lang='lat' dir='ltr'><strong>ad</strong></span> <span class='ocrx_word' id='word_1_234' title='bbox 1188 3391 1364 3450; x_wconf 87' lang='lat' dir='ltr'><strong>claudendas</strong></span> <span class='ocrx_word' id='word_1_235' title='bbox 1379 3406 1480 3469; x_wconf 86' lang='lat' dir='ltr'><strong>portas</strong></span> 
     </span>
     <span class='ocr_line' id='line_1_29' title="bbox 414 3496 1479 3574; baseline 0.004 -22"><span class='ocrx_word' id='word_1_236' title='bbox 414 3497 606 3570; x_wconf 80' lang='lat' dir='ltr'><strong>praesidiaque</strong></span> <span class='ocrx_word' id='word_1_237' title='bbox 621 3516 673 3571; x_wconf 91' lang='lat' dir='ltr'><strong>per</strong></span> <span class='ocrx_word' id='word_1_238' title='bbox 687 3516 786 3554; x_wconf 89' lang='lat' dir='ltr'><strong>muros</strong></span> <span class='ocrx_word' id='word_1_239' title='bbox 802 3497 991 3572; x_wconf 90' lang='lat' dir='ltr'><strong>disponenda,</strong></span> <span class='ocrx_word' id='word_1_240' title='bbox 1018 3505 1051 3553; x_wconf 93' lang='lat' dir='ltr'><strong>ut</strong></span> <span class='ocrx_word' id='word_1_241' title='bbox 1068 3496 1267 3553; x_wconf 89' lang='lat' dir='ltr'><strong>obsiderentur</strong></span> <span class='ocrx_word' id='word_1_242' title='bbox 1280 3508 1378 3555; x_wconf 90' lang='lat' dir='ltr'><strong>tamen</strong></span> <span class='ocrx_word' id='word_1_243' title='bbox 1389 3498 1479 3574; x_wconf 90' lang='lat' dir='ltr'><strong>prius,</strong></span> 
     </span>
     <span class='ocr_line' id='line_1_30' title="bbox 415 3601 1479 3676; baseline 0.004 -18"><span class='ocrx_word' id='word_1_244' title='bbox 415 3619 503 3674; x_wconf 88' lang='lat' dir='ltr'><strong>quarn</strong></span> <span class='ocrx_word' id='word_1_245' title='bbox 531 3613 781 3676; x_wconf 82' lang='lat' dir='ltr'><strong>expugnarentur,</strong></span> <span class='ocrx_word' id='word_1_246' title='bbox 806 3602 980 3674; x_wconf 86' lang='lat' dir='ltr'><strong>nuntiosque</strong></span> <span class='ocrx_word' id='word_1_247' title='bbox 1005 3601 1150 3658; x_wconf 86' lang='lat' dir='ltr'><strong>mitterent</strong></span> <span class='ocrx_word' id='word_1_248' title='bbox 1176 3601 1214 3658; x_wconf 94' lang='lat' dir='ltr'><strong>ad</strong></span> <span class='ocrx_word' id='word_1_249' title='bbox 1240 3612 1394 3675; x_wconf 71' lang='lat' dir='ltr'><strong>pretorem</strong></span> <span class='ocrx_word' id='word_1_250' title='bbox 1418 3606 1479 3662; x_wconf 86' lang='lat' dir='ltr'><strong>Ro·</strong></span> 
     </span>
     <span class='ocr_line' id='line_1_31' title="bbox 385 3706 1478 3781; baseline 0.004 -19"><span class='ocrx_word' id='word_1_251' title='bbox 385 3708 542 3762; x_wconf 87' lang='lat' dir='ltr'><strong>5manum.</strong></span> <span class='ocrx_word' id='word_1_252' title='bbox 589 3706 624 3762; x_wconf 92' lang='lat' dir='ltr'><strong>L.</strong></span> <span class='ocrx_word' id='word_1_253' title='bbox 644 3707 751 3763; x_wconf 84' lang='lat' dir='ltr'><strong>Furius</strong></span> <span class='ocrx_word' id='word_1_254' title='bbox 772 3706 919 3780; x_wconf 87' lang='lat' dir='ltr'><strong>Purpurio</strong></span> <span class='ocrx_word' id='word_1_255' title='bbox 948 3715 1008 3762; x_wconf 93' lang='lat' dir='ltr'><strong>tum</strong></span> <span class='ocrx_word' id='word_1_256' title='bbox 1037 3706 1194 3781; x_wconf 75' lang='lat' dir='ltr'><strong>provincias</strong></span> <span class='ocrx_word' id='word_1_257' title='bbox 1214 3716 1353 3781; x_wconf 80' lang='lat' dir='ltr'><strong>praerat,</strong></span> <span class='ocrx_word' id='word_1_258' title='bbox 1382 3720 1478 3767; x_wconf 86' lang='lat' dir='ltr'><strong>cetero</strong></span> 
     </span>
     <span class='ocr_line' id='line_1_32' title="bbox 415 3810 1479 3885; baseline 0.005 -19"><span class='ocrx_word' id='word_1_259' title='bbox 415 3829 453 3866; x_wconf 89' lang='lat' dir='ltr'><strong>ex</strong></span> <span class='ocrx_word' id='word_1_260' title='bbox 482 3820 600 3867; x_wconf 89' lang='lat' dir='ltr'><strong>senatus</strong></span> <span class='ocrx_word' id='word_1_261' title='bbox 628 3812 760 3868; x_wconf 85' lang='lat' dir='ltr'><strong>consulto</strong></span> <span class='ocrx_word' id='word_1_262' title='bbox 795 3811 923 3867; x_wconf 85' lang='lat' dir='ltr'><strong>exercitu</strong></span> <span class='ocrx_word' id='word_1_263' title='bbox 952 3810 1071 3867; x_wconf 88' lang='lat' dir='ltr'><strong>dimisso</strong></span> <span class='ocrx_word' id='word_1_264' title='bbox 1097 3820 1202 3885; x_wconf 79' lang='lat' dir='ltr'><strong>prseter</strong></span> <span class='ocrx_word' id='word_1_265' title='bbox 1230 3811 1358 3884; x_wconf 90' lang='lat' dir='ltr'><strong>quinque</strong></span> <span class='ocrx_word' id='word_1_266' title='bbox 1389 3813 1479 3871; x_wconf 90' lang='lat' dir='ltr'><strong>millia</strong></span> 
     </span>
     <span class='ocr_line' id='line_1_33' title="bbox 415 3913 1478 3992; baseline 0.004 -21"><span class='ocrx_word' id='word_1_267' title='bbox 415 3914 525 3972; x_wconf 90' lang='lat' dir='ltr'><strong>socium</strong></span> <span class='ocrx_word' id='word_1_268' title='bbox 548 3932 584 3970; x_wconf 88' lang='lat' dir='ltr'><strong>ac</strong></span> <span class='ocrx_word' id='word_1_269' title='bbox 605 3915 703 3971; x_wconf 89' lang='lat' dir='ltr'><strong>Latini</strong></span> <span class='ocrx_word' id='word_1_270' title='bbox 724 3913 862 3983; x_wconf 81' lang='lat' dir='ltr'><strong>nominis3</strong></span> <span class='ocrx_word' id='word_1_271' title='bbox 891 3933 956 3971; x_wconf 91' lang='lat' dir='ltr'><strong>cum</strong></span> <span class='ocrx_word' id='word_1_272' title='bbox 983 3914 1019 3970; x_wconf 88' lang='lat' dir='ltr'><strong>iis</strong></span> <span class='ocrx_word' id='word_1_273' title='bbox 1040 3915 1131 3989; x_wconf 91' lang='lat' dir='ltr'><strong>copiis</strong></span> <span class='ocrx_word' id='word_1_274' title='bbox 1151 3915 1182 3971; x_wconf 91' lang='lat' dir='ltr'><strong>in</strong></span> <span class='ocrx_word' id='word_1_275' title='bbox 1203 3917 1339 3990; x_wconf 86' lang='lat' dir='ltr'><strong>proxima</strong></span> <span class='ocrx_word' id='word_1_276' title='bbox 1359 3919 1478 3992; x_wconf 88' lang='lat' dir='ltr'><strong>regione</strong></span> 
     </span>
     <span class='ocr_line' id='line_1_34' title="bbox 379 4018 1477 4099; baseline 0.006 -24"><span class='ocrx_word' id='word_1_277' title='bbox 379 4053 382 4056; x_wconf 89' lang='lat'><strong>·</strong></span> <span class='ocrx_word' id='word_1_278' title='bbox 413 4019 569 4093; x_wconf 86' lang='lat' dir='ltr'><strong>provinciae</strong></span> <span class='ocrx_word' id='word_1_279' title='bbox 591 4019 670 4076; x_wconf 89' lang='lat' dir='ltr'><strong>circa</strong></span> <span class='ocrx_word' id='word_1_280' title='bbox 690 4018 855 4076; x_wconf 86' lang='lat' dir='ltr'><strong>Ariminum</strong></span> <span class='ocrx_word' id='word_1_281' title='bbox 877 4019 1054 4076; x_wconf 82' lang='lat' dir='ltr'><strong>substiterat</strong></span> <span class='ocrx_word' id='word_1_282' title='bbox 1101 4021 1133 4076; x_wconf 92' lang='lat' dir='ltr'><strong>Is</strong></span> <span class='ocrx_word' id='word_1_283' title='bbox 1151 4030 1210 4076; x_wconf 88' lang='lat' dir='ltr'><strong>tum</strong></span> <span class='ocrx_word' id='word_1_284' title='bbox 1225 4022 1339 4078; x_wconf 92' lang='lat' dir='ltr'><strong>senatui</strong></span> <span class='ocrx_word' id='word_1_285' title='bbox 1353 4024 1477 4099; x_wconf 86' lang='lat' dir='ltr'><strong>scripsit,</strong></span> 
     </span>
     <span class='ocr_line' id='line_1_35' title="bbox 384 4123 1476 4201; baseline 0.005 -21"><span class='ocrx_word' id='word_1_286' title='bbox 384 4127 473 4195; x_wconf 81' lang='lat' dir='ltr'><strong>dquo</strong></span> <span class='ocrx_word' id='word_1_287' title='bbox 493 4123 524 4179; x_wconf 93' lang='lat' dir='ltr'><strong>in</strong></span> <span class='ocrx_word' id='word_1_288' title='bbox 545 4123 669 4179; x_wconf 89' lang='lat' dir='ltr'><strong>tumultu</strong></span> <span class='ocrx_word' id='word_1_289' title='bbox 690 4124 841 4197; x_wconf 89' lang='lat' dir='ltr'><strong>provincia</strong></span> <span class='ocrx_word' id='word_1_290' title='bbox 862 4135 950 4193; x_wconf 81' lang='lat' dir='ltr'><strong>esset3</strong></span> <span class='ocrx_word' id='word_1_291' title='bbox 982 4125 1104 4181; x_wconf 88' lang='lat' dir='ltr'><strong>duarum</strong></span> <span class='ocrx_word' id='word_1_292' title='bbox 1125 4124 1314 4197; x_wconf 85' lang='lat' dir='ltr'><strong>coloniarum,</strong></span> <span class='ocrx_word' id='word_1_293' title='bbox 1345 4146 1411 4201; x_wconf 83' lang='lat' dir='ltr'><strong>quae</strong></span> <span class='ocrx_word' id='word_1_294' title='bbox 1430 4129 1476 4186; x_wconf 91' lang='lat' dir='ltr'><strong>in-</strong></span> 
     </span>
     <span class='ocr_line' id='line_1_36' title="bbox 413 4227 1476 4304; baseline 0.008 -22"><span class='ocrx_word' id='word_1_295' title='bbox 413 4236 526 4299; x_wconf 89' lang='lat' dir='ltr'><strong>gentem</strong></span> <span class='ocrx_word' id='word_1_296' title='bbox 551 4227 631 4284; x_wconf 90' lang='lat' dir='ltr'><strong>illam</strong></span> <span class='ocrx_word' id='word_1_297' title='bbox 653 4238 854 4303; x_wconf 89' lang='lat' dir='ltr'><strong>tempestatem</strong></span> <span class='ocrx_word' id='word_1_298' title='bbox 872 4227 977 4286; x_wconf 88' lang='lat' dir='ltr'><strong>Punici</strong></span> <span class='ocrx_word' id='word_1_299' title='bbox 997 4228 1064 4286; x_wconf 90' lang='lat' dir='ltr'><strong>belli</strong></span> <span class='ocrx_word' id='word_1_300' title='bbox 1084 4229 1334 4304; x_wconf 86' lang='lat' dir='ltr'><strong>subterfugissent,</strong></span> <span class='ocrx_word' id='word_1_301' title='bbox 1355 4233 1476 4291; x_wconf 90' lang='lat' dir='ltr'><strong>alteram</strong></span> 
     </span>
     <span class='ocr_line' id='line_1_37' title="bbox 386 4333 1476 4410; baseline 0.006 -22"><span class='ocrx_word' id='word_1_302' title='bbox 386 4336 531 4405; x_wconf 79' lang='lat' dir='ltr'><strong>lcaptam</strong></span> <span class='ocrx_word' id='word_1_303' title='bbox 553 4351 588 4390; x_wconf 89' lang='lat' dir='ltr'><strong>ac</strong></span> <span class='ocrx_word' id='word_1_304' title='bbox 609 4333 750 4408; x_wconf 87' lang='lat' dir='ltr'><strong>direptam</strong></span> <span class='ocrx_word' id='word_1_305' title='bbox 772 4334 809 4390; x_wconf 94' lang='lat' dir='ltr'><strong>ab</strong></span> <span class='ocrx_word' id='word_1_306' title='bbox 830 4334 978 4404; x_wconf 89' lang='lat' dir='ltr'><strong>hostibus,</strong></span> <span class='ocrx_word' id='word_1_307' title='bbox 1007 4334 1127 4392; x_wconf 88' lang='lat' dir='ltr'><strong>alteram</strong></span> <span class='ocrx_word' id='word_1_308' title='bbox 1155 4336 1331 4410; x_wconf 84' lang='lat' dir='ltr'><strong>oppugnari3</strong></span> <span class='ocrx_word' id='word_1_309' title='bbox 1363 4355 1418 4394; x_wconf 89' lang='lat' dir='ltr'><strong>nee</strong></span> <span class='ocrx_word' id='word_1_310' title='bbox 1447 4338 1476 4393; x_wconf 91' lang='lat' dir='ltr'><strong>iu</strong></span> 
     </span>
    </p>
   </div>
   <div class='ocr_carea' id='block_1_3' title="bbox 0 0 1746 5025">
    <p class='ocr_par' dir='ltr' id='par_1_3' title="bbox 0 0 1746 5025">
     <span class='ocr_line' id='line_1_38' title="bbox 0 0 1746 5025; baseline 0 1"><span class='ocrx_word' id='word_1_311' title='bbox 0 0 1746 5025; x_wconf 95' lang='lat' dir='ltr'><strong> </strong></span> 
     </span>
    </p>
   </div>
  </div>
 </body>
</html>
