3484 5025
597 533 674 583 Liber
690 532 792 583 XXXI.
817 534 874 595 (A.
888 530 938 586 (lb.
952 532 1021 595 200.)
1259 538 1298 593 43

271 717 369 786 sulem,
404 718 579 794 censebant3
607 716 735 791 potuisse
762 716 848 787 enim,
870 716 972 774 castris
994 735 1085 791 prope
1107 718 1206 774 urbem
1228 719 1370 793 positis,4

273 822 395 878 tutanda
417 821 544 890 colonia,
566 820 608 876 ita
628 830 660 877 ut
682 821 744 877 acie
765 837 823 877 non
845 822 1026 889 decerneret,
1049 823 1077 877 in
1100 824 1255 879 adventum
1278 824 1339 881 eius

273 946 329 983 rem
352 927 527 995 extraher03
549 926 627 1000 quod
656 936 764 1001 praetor
791 945 851 983 non
871 926 1003 996 fecisset,
1032 928 1144 984 senatui
1176 928 1338 986 faciendum

274 1048 341 1101 esse,
363 1039 399 1088 ut
422 1031 572 1089 consulem
595 1026 790 1106 erspecteret3
821 1032 869 1089 ubi
900 1050 997 1088 coram
1020 1032 1213 1107 disceptantes
1236 1038 1371 1091 consu-5

274 1138 324 1193 lem
348 1145 380 1194 et
401 1146 556 1212 praetorem
579 1137 736 1205 audissent,
757 1137 853 1193 verius
869 1137 905 1193 ‹le
920 1155 1010 1194 causa
1030 1137 1244 1194 existimaturos
1268 1157 1338 1199 esse.

221 1233 227 1242 ¹
274 1225 382 1317 Magire
405 1259 477 1317 pars
506 1250 624 1297 senatus
649 1242 721 1298 nihil
746 1252 851 1317 praeter
879 1260 926 1299 res
953 1252 1066 1316 gestas,
1096 1250 1125 1299 et
1154 1262 1192 1299 an
1220 1242 1250 1298 in
1277 1248 1371 1299 mut-6

220 1411 221 1420 ,
274 1347 396 1421 gistretu
418 1347 540 1420 suisque
562 1347 697 1422 auspiciis
709 1348 854 1422 gessisset,
876 1348 1033 1404 censebant
1053 1358 1186 1422 spectare
1207 1357 1337 1405 senatum

220 1455 222 1528 ζ
274 1452 387 1509 debere.
436 1452 486 1509 Ex
508 1452 622 1509 duabus
644 1452 773 1522 coloniis,
795 1471 861 1527 qnae
882 1453 961 1509 velut
989 1453 1116 1509 claustra
1143 1453 1181 1508 ad
1204 1452 1368 1510 cohibeo-7

274 1556 322 1613 dos
342 1557 480 1616 Gallicos
502 1556 641 1613 tumultus
663 1557 804 1631 opposite
827 1555 959 1627 fuissent,
982 1576 1069 1631 quum
1096 1577 1154 1615 una
1175 1559 1288 1633 direpta
1311 1568 1340 1614 et

273 1661 389 1719 incensa
411 1672 499 1731 esset,
522 1664 766 1736 traiecturumque
787 1662 817 1720 id
846 1662 1008 1720 incendium
1030 1664 1109 1720 velut
1130 1681 1166 1719 ex
1191 1663 1338 1719 continen-

274 1767 346 1823 tibus
370 1767 457 1824 t-ectis
479 1767 509 1823 in
531 1766 652 1822 alteram
681 1776 741 1823 tam
765 1767 958 1841 propinquam
985 1767 1128 1825 coloniam
1151 1780 1241 1836 esset,
1270 1768 1338 1841 quid
1378 1785 1380 1791 ’

274 1872 387 1928 taudem
411 1872 531 1946 praetori
561 1870 724 1928 faciendum
747 1869 855 1927 fuisse?
885 1872 962 1928 Nam
993 1872 1017 1927 si
1047 1872 1109 1929 sine
1129 1873 1256 1931 'consule
1277 1873 1371 1947 geriss

274 1976 340 2033 nihil
359 1978 535 2051 oportuerit,
557 1985 608 2033 aut
628 1986 759 2032 senatum
784 1994 935 2051 peccasse,
969 1977 1018 2049 qui
1041 1980 1197 2037 exercitum
1223 1978 1340 2053 praetori

274 2080 384 2138 dederit
405 2082 550 2157 (potuisse
571 2082 657 2150 euim,
679 2081 753 2137 sicut
767 2100 825 2139 non
841 2081 982 2155 praetoris,
998 2082 1048 2138 sed
1071 2084 1196 2140 consulis
1212 2082 1338 2139 exercitu

274 2204 328 2242 rem
353 2186 419 2261 geri
442 2186 576 2255 voluerit,
597 2185 639 2242 ita
659 2186 741 2241 finire
754 2194 872 2242 senatus
894 2187 1035 2255 consulto,
1057 2206 1093 2243 ne
1111 2209 1163 2264 per
1178 2198 1339 2263 praetorem,

276 2292 321 2348 sed
341 2311 398 2367 per
420 2291 569 2349 consulem
596 2291 770 2366 gereretur),
799 2302 849 2347 aut
877 2292 1040 2362 consulem,
1071 2292 1120 2365 qui
1148 2310 1222 2360 uon,
1252 2294 1370 2366 quum9

276 2396 434 2453 exereitum
457 2415 494 2453 ex
518 2396 637 2453 Etruria
658 2396 781 2453 transire
804 2396 834 2453 iu
856 2396 984 2455 Galliam
1007 2397 1152 2466 iussisset,
1180 2398 1242 2471 ipse
1271 2395 1341 2452 Ari·

275 2502 339 2559 mini
365 2500 536 2571 occurrerit,
555 2513 585 2557 ut
607 2501 683 2559 bello
705 2502 865 2573 interesset,
890 2504 969 2576 quod
990 2504 1052 2561 sine
1074 2523 1108 2561 eo
1132 2502 1193 2578 geri
1215 2500 1260 2558 fas
1282 2520 1340 2558 non

275 2617 355 2669 esset.
401 2607 474 2664 Non
497 2608 759 2684 exspectarebelli
781 2618 913 2682 tempora
935 2629 1032 2666 moras
1062 2620 1089 2666 et
1112 2610 1263 2667 dilationes
1285 2608 1340 2663 im·
1357 2610 1393 2663 10

275 2722 451 2786 peretorum,
474 2723 502 2770 et
524 2714 711 2788 pugnandum
735 2731 798 2770 esse
819 2713 979 2784 interdum,
1008 2734 1066 2771 non
1089 2715 1158 2789 quia
1179 2714 1266 2783 velis,
1289 2713 1340 2769 sed

277 2817 341 2890 quia
361 2817 457 2874 hostis
480 2828 577 2893 cogat.
625 2821 759 2894 Pugnam
787 2818 881 2893 ipsam
911 2829 1102 2893 eventumque
1128 2838 1232 2895 pugnae
1259 2835 1340 2892 spec·
1359 2821 1386 2874 11

277 2923 326 2979 turi
348 2922 468 2979 debere.
517 2925 613 2981 Fusos
635 2942 784 2997 cesosque
805 2925 917 2993 hostes,
939 2933 1036 2980 castre
1055 2933 1142 2998 capta
1162 2943 1196 2981 ac
1218 2924 1340 2998 direpta,

279 3028 420 3085 coloniam
443 3029 597 3086 liberatam
618 3029 777 3108 obsidione,
808 3030 926 3085 alterius
948 3030 1068 3086 coloniae
1097 3029 1230 3104 captivos
1258 3046 1340 3084 recu·

277 3131 399 3206 paratos·
412 3133 621 3209 restitutosque
642 3135 715 3205 suis,
747 3134 922 3191 debellatum
952 3153 1010 3191 uno
1032 3135 1134 3210 proelio
1156 3153 1228 3193 esse.
1271 3134 1340 3190 Non
1359 3119 1393 3189 12'

278 3240 404 3296 homiues
427 3249 539 3296 tentum
565 3258 601 3296 ea
624 3239 745 3297 victoria
766 3241 895 3308 laetatos,
928 3239 978 3294 sed
1008 3239 1062 3295 diis
1085 3258 1201 3313 quoque
1223 3240 1340 3296 immor·

281 3345 379 3404 talibus
402 3363 457 3420 per
478 3343 604 3401 triduum
629 3345 854 3419 supplicationes
879 3344 1004 3414 habitas,
1027 3344 1103 3417 quod
1128 3345 1200 3400 bene
1222 3361 1256 3399 ao
1277 3342 1340 3399 feli·
1411 3391 1421 3409 ,

282 3450 352 3519 citer,
374 3469 435 3506 uon
461 3450 540 3522 quod
563 3449 639 3506 mele
660 3468 694 3506 ac
716 3458 824 3506 temere
850 3448 1035 3523 respublica
1057 3467 1075 3504 a
1098 3450 1131 3504 la
1155 3448 1244 3504 Furio
1267 3465 1339 3521 prae·

220 3586 222 3607 t
283 3561 338 3610 tore
373 3565 458 3630 gesta
490 3565 575 3611 esset.
635 3556 716 3612 Data
752 3555 814 3611 fato
851 3555 937 3610 etiam
972 3554 1098 3626 quodam
1131 3551 1228 3608 Furiae
1261 3551 1340 3626 genti

286 3657 392 3717 Gallica
413 3658 501 3716 bella.
556 3659 651 3715 Huius
673 3660 787 3734 generis
809 3659 988 3716 orationibus
1010 3658 1101 3732 ipsius
1124 3658 1340 3730 amicorumque
1392 3651 1437 3719 49

287 3763 353 3820 victa
376 3773 420 3821 est
442 3764 592 3838 praesentis
620 3765 714 3839 gratia
743 3763 874 3839 praetoris
897 3764 1023 3820 absentis
1046 3763 1171 3819 consulis
1193 3763 1340 3831 maiestas,

291 3866 513 3944 triumphumque
534 3867 700 3943 frequentes
725 3870 759 3926 L.
782 3869 872 3925 Furio
895 3870 1091 3926 decreverunt.
1136 3868 1371 3942 Triumphauit2

293 3970 320 4026 de
339 3973 431 4032 Gallis
453 3974 484 4030 in
505 3973 678 4047 magistrat-u
701 3974 735 4030 L.
758 3974 864 4030 Furius
887 3984 993 4049 praetor
1015 3983 1044 4030 et
1069 3973 1098 4029 in
1122 3973 1253 4030 aerarium
1277 3974 1342 4029 tulit

295 4082 403 4135 ruente
419 4078 523 4154 viginti
535 4078 626 4135 millia
640 4081 713 4147 aeris,
727 4078 840 4152 argent-i
855 4088 967 4134 eentum
984 4078 1074 4133 millia
1086 4077 1162 4134 mille
1174 4080 1340 4152 quingenta.

220 4220 222 4236 ,
296 4176 382 4254 Neque
402 4183 509 4259 captivi
531 4182 582 4239 ulli
613 4192 680 4239 ante
709 4200 823 4239 currum
855 4183 942 4250 ducti,
973 4201 1067 4256 neque
1089 4183 1183 4256 spolia
1210 4182 1372 4258 proeletass
