3484 5025
449 526 503 579 180
714 521 792 571 Liber
804 520 931 571 XXXIX.
951 522 997 585 (Δ.
1011 536 1038 570 n.
1049 536 1070 571 o.
1082 522 1158 586 569.)

400 706 503 762 deduci
525 706 659 779 presidia
688 707 883 763 Macedonum
906 727 943 763 ex
972 706 1008 763 iis
1030 708 1151 764 urbibus
1174 718 1203 763 et
1225 706 1349 779 antiquis
1368 707 1447 763 Mace·

401 811 494 866 doniae
515 810 644 868 terminis
666 830 786 887 regnum
808 813 893 873 finiri.
935 814 982 869 De
1005 812 1126 880 iniuriis,
1150 830 1226 885 quas
1251 812 1325 868 ultro
1340 812 1447 885 citroque

399 916 497 972 illatas
529 927 700 990 querantur,
731 937 789 992 quo
814 918 902 974 modo
924 919 999 975 iuter
1025 936 1076 974 eas
1104 926 1206 992 gentes
1237 926 1267 973 et
1293 917 1448 973 Macedonas

399 1023 583 1097 disceptetur,
607 1022 761 1079 formulam
786 1024 856 1081 iuris
879 1024 1054 1098 exsequendi
1077 1022 1312 1080 constituendam
1334 1038 1400 1082 esne„

248 1202 251 1206 ι
305 1103 345 1189 27
483 1128 564 1193 Inde,
586 1128 714 1203 graviter
736 1128 847 1185 offenso
874 1131 952 1203 rege,
981 1102 1210 1186 Thessalonicen
1235 1128 1275 1183 ad
1296 1115 1448 1201 cognoscen-

320 1314 324 1318 .
368 1233 467 1316 2dum
490 1234 525 1291 de
556 1235 691 1291 Thracia
714 1235 833 1292 urbibus
862 1236 1091 1309 proficiscuntur.
1141 1232 1189 1289 Ibi
1210 1232 1303 1307 legati
1324 1231 1450 1298 Eumenis,

399 1315 424 1395 si
448 1340 554 1396 liberas
577 1359 640 1396 esse
660 1341 772 1397 AEnum
801 1350 829 1396 et
861 1341 1032 1397 Maroneam
1055 1339 1145 1395 velint
1167 1337 1307 1408 Romani,
1336 1336 1402 1393 nihil
1419 1336 1449 1391 sui

357 1441 363 1454 ’
398 1445 518 1520 pudoris
540 1464 603 1501 esse
625 1445 700 1501 ultra
722 1446 826 1514 dicere,
855 1465 943 1519 quam
971 1457 1001 1502 ut
1023 1444 1209 1513 admoneant,
1233 1463 1275 1512 re,
1301 1461 1359 1499 non
1380 1442 1450 1498 verbo

399 1570 449 1607 eos
472 1551 578 1607 liberos
599 1551 764 1624 relinquant
783 1569 844 1607 -nec
865 1569 948 1606 suum
972 1567 1074 1606 munus
1092 1549 1231 1624 intercipi
1256 1550 1294 1606 ab
1318 1549 1374 1606 alio
1394 1546 1450 1622 puti-

368 1658 508 1716 3antur.,
536 1657 587 1713 Sin
610 1665 704 1711 alitem
728 1656 823 1712 minor
845 1674 917 1713 cura
942 1656 980 1712 sit
1001 1655 1158 1712 eivitatium
1181 1654 1211 1710 in
1236 1656 1368 1712 Thracia
1390 1652 1450 1727 posi·

399 1775 504 1821 tarum,
527 1761 616 1816 multo
642 1762 738 1817 verius
768 1779 840 1819 esse.
864 1780 929 1834 quae
955 1763 1008 1817 sub
1035 1761 1184 1817 Antiocho
1210 1760 1332 1829 fuerint,
1353 1758 1457 1834 praeuiav

368 1868 465 1924 4belli
488 1868 647 1923 Eumenem
671 1885 758 1937 quam
781 1866 948 1941 Philippum
974 1867 1090 1925 habere.
1111 1860 1159 1923 uel
1181 1886 1239 1941 pro
1262 1868 1355 1941 patris
1377 1864 1450 1923 Atat

399 1974 507 2030 meritis
520 1972 614 2036 bello,
637 1970 716 2045 quod
737 1972 878 2027 adversus
900 1972 1065 2046 Philippum
1089 1973 1183 2046 ipsum
1207 1973 1335 2047 gesserit
1349 1971 1450 2046 populus

384 2081 559 2144 Romanus,
580 2078 628 2134 vel
649 2078 717 2146 suis,
740 2078 818 2152 quod
831 2077 968 2133 Antiochi
991 2078 1066 2133 bello
1079 2049 1157 2134 terra
1175 2079 1313 2151 marique
1324 2078 1450 2134 laboribus
1470 2137 1476 2144 ,

368 2185 591 2260 5periculisque
613 2184 746 2239 omnibus
767 2181 938 2238 interfuerit.
974 2184 1092 2240 Habere
1116 2202 1181 2239 eum
1207 2194 1352 2257 praterea
1372 2184 1450 2239 decem

398 2290 559 2364 legatorum
592 2290 622 2345 in
650 2307 713 2344 eam
742 2306 801 2343 rem
836 2289 1042 2362 praeiudicium,
1065 2289 1113 2361 qui
1139 2308 1231 2362 quum
1257 2288 1450 2347 Chersonesum

399 2394 672 2469 Lysimachiamque
708 2392 852 2456 dederint,
885 2394 1056 2449 Maroneam
1090 2412 1208 2467 quoque
1238 2405 1329 2468 atque
1360 2395 1450 2451 AEnnn

398 2500 528 2576 proferto
541 2500 662 2566 dedisse,
679 2481 742 2573 qua
755 2499 819 2572 ipsa
835 2499 1050 2573 propinquitate
1064 2500 1192 2574 regionis
1205 2501 1288 2557 velut
1299 2500 1450 2575 appendices

335 2595 337 2598 ’
367 2603 515 2662 ssmaioris
549 2604 673 2660 muneris
709 2617 810 2659 essent.
866 2605 943 2659 Nam
977 2606 1142 2680 Philippum
1177 2608 1296 2680 quidem
1332 2611 1386 2680 quo
1414 2616 1450 2660 aut
1489 2658 1492 2677 Ι

398 2713 500 2768 merito
524 2712 550 2766 iu
576 2690 712 2784 populum
737 2712 901 2766 Romanurn
925 2721 972 2765 aut
997 2711 1057 2766 iure
1076 2711 1199 2784 imperii,
1224 2732 1315 2784 quum
1332 2723 1450 2784 tampro·
1489 2690 1492 2703 Ι

398 2817 443 2873 cul
466 2838 483 2871 a
507 2813 611 2871 finibus
633 2815 813 2870 Macedoniae
835 2816 939 2881 absint,
960 2815 1124 2871 civitatibus
1149 2817 1194 2872 his
1219 2818 1357 2891 praesidia
1377 2818 1449 2891 impo

396 2920 508 2977 suisse?
540 2921 651 2976 Vocari
679 2921 842 2976 Maronitas
868 2921 1014 2988 iuberent,
1045 2922 1081 2976 ab
1103 2916 1291 2978 iis'certiora
1315 2925 1406 2980 omnia
1424 2922 1450 2976 de

268 3045 271 3051 ’
367 3017 473 3082 7statu
496 3026 654 3082 civitatium
678 3044 776 3080 earum
809 3024 940 3081 scituros.
993 3026 1098 3099 Legati
1121 3001 1341 3084 Maronitarum
1364 3028 1449 3085 vocati.

396 3150 455 3186 non
486 3151 542 3187 uno
570 3133 634 3188 loco
665 3140 774 3185 tantum
798 3131 878 3186 urbis
903 3132 1066 3205 praesidium
1094 3131 1207 3204 regium
1241 3151 1316 3202 esse,
1345 3133 1449 3191 sicutin

397 3237 460 3293 aliis
488 3237 661 3302 civitatibus,
690 3236 834 3302 dixerunt,
861 3237 911 3293 sed
935 3237 1064 3310 pluribus
1087 3237 1181 3302 simul,
1213 3236 1243 3294 et
1264 3240 1378 3312 plenam
1399 3240 1448 3294 Ma·

365 3331 536 3398 8cedonum
567 3343 739 3398 Maroneam
769 3360 839 3399 esse.
886 3344 990 3416 Itaque
1020 3342 1162 3398 dominari
1191 3341 1390 3402 assentatores
1411 3361 1449 3400 re-

395 3446 475 3520 gios3
497 3447 541 3502 his
563 3446 632 3502 solis
656 3446 736 3519 loqui
759 3447 838 3502 etin
860 3458 962 3502 senatu
986 3459 1014 3503 et
1034 3448 1063 3503 in
1086 3449 1272 3505 contionibus
1296 3449 1392 3517 licere3
1410 3464 1448 3504 eus
1490 3476 1492 3511 ς

364 3541 496 3607 9omnes
510 3528 636 3608 honores
659 3561 687 3607 et
708 3571 812 3626 capere
833 3552 913 3626 ipsos
935 3562 966 3607 et
987 3553 1056 3609 dare
1078 3552 1151 3608 aliis.
1197 3552 1351 3628 Optimum
1366 3555 1447 3628 quin·

395 3676 465 3730 que,
498 3659 601 3731 quibus
628 3658 785 3724 libertatis,
814 3656 918 3729 quibus
948 3657 1043 3731 legum
1075 3675 1146 3718 eura
1171 3658 1226 3726 sit,
1255 3673 1307 3716 aut
1335 3660 1446 3717 exsulare

300 3792 303 3796 ·
394 3761 493 3836 pulsos
523 3762 618 3835 patria
648 3773 697 3817 aut
720 3763 910 3818 inhonoratos
938 3770 967 3817 et
988 3761 1178 3818 deterioribus
1204 3765 1352 3822 obnoxios
1371 3766 1443 3821 silere.

345 3858 380 3912 10
395 3867 441 3922 De
457 3867 518 3922 iure
536 3867 621 3921 etiam
638 3866 735 3921 finium
753 3885 847 3939 pauca
862 3867 1038 3927 adiecerunt.
1066 3860 1119 3938 Q.
1143 3869 1271 3925 Fabium
1289 3872 1442 3928 Labeonem.

395 3991 481 4045 quum
504 3973 533 4027 in
555 3972 672 4044 regione
695 3991 730 4027 ea
752 3970 862 4040 fuisset,
896 3972 1035 4027 direxisse
1062 3975 1147 4027 finem
1172 3974 1315 4049 Philippo
1339 3985 1439 4032 veterem

394 4078 470 4133 viam
493 4079 613 4152 regiam,
638 4095 701 4148 quae
724 4077 761 4131 ad
778 4077 913 4132 Thraciae
933 4072 1092 4132 Paroream
1116 4078 1232 4146 subeat,
1260 4099 1394 4155 nusquam
1413 4075 1438 4132 ud

394 4201 474 4238 mare
502 4183 706 4247 declinantem3
734 4181 903 4255 Philippum
935 4201 1040 4239 novam
1068 4193 1173 4255 postea
1202 4185 1354 4241 deflexisse
1374 4184 1436 4238 risu.

299 4284 306 4306 ⁸
394 4305 453 4359 qua
481 4286 691 4342 Maronitarum
722 4288 807 4344 urbes
837 4305 982 4360 agrosque
1010 4287 1214 4360 amplectatur.
1259 4291 1310 4346 Ad
1337 4309 1368 4346 ea
1385 4285 1435 4344 Phi·
