<?xml version="1.0" encoding="UTF-8"?>
<!DOCTYPE html PUBLIC "-//W3C//DTD XHTML 1.0 Transitional//EN"
    "http://www.w3.org/TR/xhtml1/DTD/xhtml1-transitional.dtd">
<html xmlns="http://www.w3.org/1999/xhtml" xml:lang="en" lang="en">
 <head>
  <title>
</title>
<meta http-equiv="Content-Type" content="text/html;charset=utf-8" />
  <meta name='ocr-system' content='tesseract 3.04.00' />
  <meta name='ocr-capabilities' content='ocr_page ocr_carea ocr_par ocr_line ocrx_word'/>
</head>
<body>
  <div class='ocr_page' id='page_1' title='image "./titiliviihistor00ussigoog_0275.png"; bbox 0 0 3484 5025; ppageno 0'>
   <div class='ocr_carea' id='block_1_1' title="bbox 790 504 833 547">
    <p class='ocr_par' dir='ltr' id='par_1_1' title="bbox 790 504 833 547">
     <span class='ocr_line' id='line_1_1' title="bbox 790 504 833 547; baseline -0.047 0"><span class='ocrx_word' id='word_1_1' title='bbox 790 504 833 547; x_wconf 69' lang='lat' dir='ltr'><strong>XV</strong></span> 
     </span>
    </p>
   </div>
   <div class='ocr_carea' id='block_1_2' title="bbox 274 685 1379 4345">
    <p class='ocr_par' dir='ltr' id='par_1_2' title="bbox 274 685 1379 4345">
     <span class='ocr_line' id='line_1_2' title="bbox 274 685 1342 762; baseline 0.001 -20"><span class='ocrx_word' id='word_1_2' title='bbox 274 685 414 755; x_wconf 67' lang='lat' dir='ltr'><strong>stendit,</strong></span> <span class='ocrx_word' id='word_1_3' title='bbox 435 705 500 743; x_wconf 83' lang='lat' dir='ltr'><strong>aum</strong></span> <span class='ocrx_word' id='word_1_4' title='bbox 519 687 647 760; x_wconf 76' lang='lat' dir='ltr'><strong>infinitivo</strong></span> <span class='ocrx_word' id='word_1_5' title='bbox 669 687 795 744; x_wconf 79' lang='lat' dir='ltr'><strong>biston&#39;ea</strong></span> <span class='ocrx_word' id='word_1_6' title='bbox 813 688 882 743; x_wconf 82' lang='lat' dir='ltr'><strong>nibil</strong></span> <span class='ocrx_word' id='word_1_7' title='bbox 901 688 945 743; x_wconf 79' lang='lat' dir='ltr'><strong>ltic</strong></span> <span class='ocrx_word' id='word_1_8' title='bbox 966 689 1019 744; x_wconf 81' lang='lat' dir='ltr'><strong>loci</strong></span> <span class='ocrx_word' id='word_1_9' title='bbox 1038 697 1086 755; x_wconf 89' lang='lat' dir='ltr'><strong>est,</strong></span> <span class='ocrx_word' id='word_1_10' title='bbox 1109 688 1238 762; x_wconf 70' lang='lat' dir='ltr'><strong>lanaeque</strong></span> <span class='ocrx_word' id='word_1_11' title='bbox 1258 688 1342 745; x_wconf 83' lang='lat' dir='ltr'><strong>aliter</strong></span> 
     </span>
     <span class='ocr_line' id='line_1_3' title="bbox 274 769 1340 845; baseline 0 -19"><span class='ocrx_word' id='word_1_12' title='bbox 274 771 336 826; x_wconf 79' lang='lat' dir='ltr'><strong>Iac.</strong></span> <span class='ocrx_word' id='word_1_13' title='bbox 363 769 416 838; x_wconf 87' lang='lat'>12,</span> <span class='ocrx_word' id='word_1_14' title='bbox 438 770 595 844; x_wconf 76' lang='lat' dir='ltr'><strong>bpanitar.</strong></span> <span class='ocrx_word' id='word_1_15' title='bbox 645 769 703 826; x_wconf 82' lang='lat' dir='ltr'><strong>Sed</strong></span> <span class='ocrx_word' id='word_1_16' title='bbox 723 771 845 828; x_wconf 78' lang='lat' dir='ltr'>intendit</span> <span class='ocrx_word' id='word_1_17' title='bbox 866 772 952 826; x_wconf 85' lang='lat' dir='ltr'><strong>latere</strong></span> <span class='ocrx_word' id='word_1_18' title='bbox 978 770 1087 826; x_wconf 72' lang='lat' dir='ltr'><strong>uidetur</strong></span> <span class='ocrx_word' id='word_1_19' title='bbox 1107 772 1134 826; x_wconf 80' lang='lat' dir='ltr'><strong>in</strong></span> <span class='ocrx_word' id='word_1_20' title='bbox 1156 774 1216 845; x_wconf 72' lang='lat' dir='ltr'><strong>Ipso</strong></span> <span class='ocrx_word' id='word_1_21' title='bbox 1236 775 1340 828; x_wconf 82' lang='lat' dir='ltr'><strong>nomine</strong></span> 
     </span>
     <span class='ocr_line' id='line_1_4' title="bbox 274 852 1340 927; baseline 0.002 -19"><span class='ocrx_word' id='word_1_22' title='bbox 274 861 426 927; x_wconf 76' lang='lat' dir='ltr'><strong>tomtpto:</strong></span> <span class='ocrx_word' id='word_1_23' title='bbox 447 853 543 910; x_wconf 88' lang='lat' dir='ltr'><strong>Pliten</strong></span> <span class='ocrx_word' id='word_1_24' title='bbox 564 852 708 927; x_wconf 80' lang='lat' dir='ltr'><strong>intendit.)</strong></span> <span class='ocrx_word' id='word_1_25' title='bbox 752 857 769 911; x_wconf 88' lang='grc'>3</span> <span class='ocrx_word' id='word_1_26' title='bbox 793 854 867 926; x_wconf 84' lang='lat' dir='ltr'><strong>(Em.</strong></span> <span class='ocrx_word' id='word_1_27' title='bbox 880 854 988 926; x_wconf 74' lang='grc'>44115.)</span> <span class='ocrx_word' id='word_1_28' title='bbox 1032 859 1048 909; x_wconf 99' lang='grc'>5</span> <span class='ocrx_word' id='word_1_29' title='bbox 1071 854 1209 910; x_wconf 86' lang='lat' dir='ltr'><strong>stationes</strong></span> <span class='ocrx_word' id='word_1_30' title='bbox 1231 856 1340 912; x_wconf 86' lang='lat' dir='ltr'><strong>Roma·</strong></span> 
     </span>
     <span class='ocr_line' id='line_1_5' title="bbox 274 936 1341 1012; baseline 0.002 -20"><span class='ocrx_word' id='word_1_31' title='bbox 274 953 323 992; x_wconf 75' lang='lat' dir='ltr'><strong>aaa</strong></span> <span class='ocrx_word' id='word_1_32' title='bbox 347 936 404 1010; x_wconf 89' lang='lat' dir='ltr'><strong>(B)</strong></span> <span class='ocrx_word' id='word_1_33' title='bbox 461 941 476 992; x_wconf 86' lang='lat' dir='ltr'><strong>t</strong></span> <span class='ocrx_word' id='word_1_34' title='bbox 500 937 678 1012; x_wconf 84' lang='lat' dir='ltr'><strong>pervenisset</strong></span> <span class='ocrx_word' id='word_1_35' title='bbox 705 938 753 1011; x_wconf 89' lang='grc' dir='ltr'><strong>(Β,</strong></span> <span class='ocrx_word' id='word_1_36' title='bbox 775 939 836 1010; x_wconf 79' lang='lat' dir='ltr'><strong>alit)</strong></span> <span class='ocrx_word' id='word_1_37' title='bbox 881 939 898 994; x_wconf 92' lang='lat'>8</span> <span class='ocrx_word' id='word_1_38' title='bbox 921 936 1043 1011; x_wconf 84' lang='lat' dir='ltr'><strong>Tymbri</strong></span> <span class='ocrx_word' id='word_1_39' title='bbox 1065 937 1117 1008; x_wconf 84' lang='lat' dir='ltr'><strong>(tt)</strong></span> <span class='ocrx_word' id='word_1_40' title='bbox 1168 939 1202 993; x_wconf 86' lang='grc'>12</span> <span class='ocrx_word' id='word_1_41' title='bbox 1227 938 1341 994; x_wconf 89' lang='lat' dir='ltr'><strong>Helles·</strong></span> 
     </span>
     <span class='ocr_line' id='line_1_6' title="bbox 274 1017 1338 1096; baseline 0.002 -21"><span class='ocrx_word' id='word_1_42' title='bbox 274 1030 416 1094; x_wconf 77' lang='lat' dir='ltr'><strong>¹tontum,</strong></span> <span class='ocrx_word' id='word_1_43' title='bbox 443 1020 480 1076; x_wconf 87' lang='lat' dir='ltr'><strong>ad</strong></span> <span class='ocrx_word' id='word_1_44' title='bbox 512 1018 639 1094; x_wconf 84' lang='lat' dir='ltr'>Sinopen</span> <span class='ocrx_word' id='word_1_45' title='bbox 667 1021 818 1094; x_wconf 83' lang='lat' dir='ltr'><strong>(Freinslt.)</strong></span> <span class='ocrx_word' id='word_1_46' title='bbox 882 1017 960 1087; x_wconf 94' lang='lat' dir='ltr'>XIX,</span> <span class='ocrx_word' id='word_1_47' title='bbox 991 1022 1008 1075; x_wconf 89' lang='grc'>2</span> <span class='ocrx_word' id='word_1_48' title='bbox 1042 1019 1184 1095; x_wconf 86' lang='lat' dir='ltr'><strong>Ortiagon</strong></span> <span class='ocrx_word' id='word_1_49' title='bbox 1206 1021 1311 1094; x_wconf 83' lang='lat' dir='ltr'><strong>(codd.)</strong></span> <span class='ocrx_word' id='word_1_50' title='bbox 1335 1018 1338 1096; x_wconf 74' lang='lat' dir='ltr'>I</span> 
     </span>
     <span class='ocr_line' id='line_1_7' title="bbox 274 1099 1339 1176; baseline 0 -16"><span class='ocrx_word' id='word_1_51' title='bbox 274 1099 521 1161; x_wconf 75' lang='lat' dir='ltr'><strong>Comboiomarus</strong></span> <span class='ocrx_word' id='word_1_52' title='bbox 552 1104 658 1176; x_wconf 78' lang='lat' dir='ltr'><strong>(coda.)</strong></span> <span class='ocrx_word' id='word_1_53' title='bbox 714 1102 779 1173; x_wconf 93' lang='lat' dir='ltr'><strong>XX,</strong></span> <span class='ocrx_word' id='word_1_54' title='bbox 809 1106 826 1159; x_wconf 84' lang='lat'><strong>2</strong></span> <span class='ocrx_word' id='word_1_55' title='bbox 861 1103 1056 1176; x_wconf 84' lang='lat' dir='ltr'><strong>(Probabilt&#39;ter</strong></span> <span class='ocrx_word' id='word_1_56' title='bbox 1077 1104 1147 1159; x_wconf 85' lang='lat' dir='ltr'><strong>Lea.</strong></span> <span class='ocrx_word' id='word_1_57' title='bbox 1170 1105 1190 1160; x_wconf 84' lang='lat'><em>2</em></span> <span class='ocrx_word' id='word_1_58' title='bbox 1211 1114 1237 1160; x_wconf 87' lang='lat' dir='ltr'><strong>et</strong></span> <span class='ocrx_word' id='word_1_59' title='bbox 1256 1104 1339 1161; x_wconf 84' lang='lat' dir='ltr'><strong>Harl.</strong></span> 
     </span>
     <span class='ocr_line' id='line_1_8' title="bbox 274 1185 1342 1263; baseline 0.002 -21"><span class='ocrx_word' id='word_1_60' title='bbox 274 1186 386 1245; x_wconf 73' lang='lat' dir='ltr'><strong>ttedd.</strong></span> <span class='ocrx_word' id='word_1_61' title='bbox 409 1194 474 1243; x_wconf 84' lang='lat' dir='ltr'><strong>vett.</strong></span> <span class='ocrx_word' id='word_1_62' title='bbox 496 1187 720 1261; x_wconf 88' lang='lat' dir='ltr'><strong>instructosque)</strong></span> <span class='ocrx_word' id='word_1_63' title='bbox 770 1192 787 1244; x_wconf 93' lang='grc'>4</span> <span class='ocrx_word' id='word_1_64' title='bbox 811 1205 830 1244; x_wconf 89' lang='lat' dir='ltr'><strong>a</strong></span> <span class='ocrx_word' id='word_1_65' title='bbox 850 1187 1044 1262; x_wconf 76' lang='lat' dir='ltr'><strong>septentrione</strong></span> <span class='ocrx_word' id='word_1_66' title='bbox 1065 1188 1116 1259; x_wconf 84' lang='lat' dir='ltr'><strong>(ll)</strong></span> <span class='ocrx_word' id='word_1_67' title='bbox 1141 1185 1146 1263; x_wconf 79' lang='grc' dir='ltr'>Ι</span> <span class='ocrx_word' id='word_1_68' title='bbox 1175 1189 1267 1244; x_wconf 91' lang='lat' dir='ltr'><strong>ardna</strong></span> <span class='ocrx_word' id='word_1_69' title='bbox 1289 1188 1342 1260; x_wconf 82' lang='lat' dir='ltr'><strong>(tt)</strong></span> 
     </span>
     <span class='ocr_line' id='line_1_9' title="bbox 274 1269 1337 1346; baseline 0 -20"><span class='ocrx_word' id='word_1_70' title='bbox 274 1271 437 1345; x_wconf 81' lang='lat' dir='ltr'><strong>bpostero</strong></span> <span class='ocrx_word' id='word_1_71' title='bbox 460 1269 507 1326; x_wconf 92' lang='lat' dir='ltr'><strong>die</strong></span> <span class='ocrx_word' id='word_1_72' title='bbox 527 1270 669 1327; x_wconf 76' lang='lat' dir='ltr'><strong>sacrificio</strong></span> <span class='ocrx_word' id='word_1_73' title='bbox 692 1271 740 1343; x_wconf 89' lang='lat' dir='ltr'>(B,</span> <span class='ocrx_word' id='word_1_74' title='bbox 754 1272 847 1342; x_wconf 76' lang='lat' dir='ltr'><strong>cetere)</strong></span> <span class='ocrx_word' id='word_1_75' title='bbox 887 1275 920 1327; x_wconf 89' lang='lat' dir='ltr'><strong>to</strong></span> <span class='ocrx_word' id='word_1_76' title='bbox 943 1289 998 1336; x_wconf 88' lang='lat' dir='ltr'><strong>res,</strong></span> <span class='ocrx_word' id='word_1_77' title='bbox 1021 1284 1175 1346; x_wconf 84' lang='lat' dir='ltr'><strong>properent</strong></span> <span class='ocrx_word' id='word_1_78' title='bbox 1198 1272 1247 1345; x_wconf 92' lang='grc' dir='ltr'><strong>(Β,</strong></span> <span class='ocrx_word' id='word_1_79' title='bbox 1257 1271 1337 1327; x_wconf 84' lang='lat' dir='ltr'><strong>codd.</strong></span> 
     </span>
     <span class='ocr_line' id='line_1_10' title="bbox 274 1351 1339 1430; baseline 0 -21"><span class='ocrx_word' id='word_1_80' title='bbox 274 1351 367 1412; x_wconf 78' lang='lat' dir='ltr'><strong>Drak.</strong></span> <span class='ocrx_word' id='word_1_81' title='bbox 414 1352 460 1408; x_wconf 91' lang='lat' dir='ltr'><strong>De</strong></span> <span class='ocrx_word' id='word_1_82' title='bbox 480 1355 507 1407; x_wconf 80' lang='lat' dir='ltr'><strong>ll</strong></span> <span class='ocrx_word' id='word_1_83' title='bbox 533 1362 656 1419; x_wconf 80' lang='lat' dir='ltr'><strong>taaetar3</strong></span> <span class='ocrx_word' id='word_1_84' title='bbox 679 1364 755 1411; x_wconf 85' lang='lat' dir='ltr'><strong>errat</strong></span> <span class='ocrx_word' id='word_1_85' title='bbox 785 1354 826 1411; x_wconf 89' lang='lat' dir='ltr'><strong>W.</strong></span> <span class='ocrx_word' id='word_1_86' title='bbox 878 1354 996 1410; x_wconf 80' lang='lat' dir='ltr'><strong>Possint</strong></span> <span class='ocrx_word' id='word_1_87' title='bbox 1026 1363 1082 1410; x_wconf 89' lang='lat' dir='ltr'><strong>est:</strong></span> <span class='ocrx_word' id='word_1_88' title='bbox 1109 1365 1140 1409; x_wconf 93' lang='lat' dir='ltr'><strong>nt</strong></span> <span class='ocrx_word' id='word_1_89' title='bbox 1161 1355 1189 1411; x_wconf 92' lang='lat' dir='ltr'><strong>in</strong></span> <span class='ocrx_word' id='word_1_90' title='bbox 1212 1374 1265 1411; x_wconf 87' lang='lat' dir='ltr'><strong>sna</strong></span> <span class='ocrx_word' id='word_1_91' title='bbox 1287 1373 1339 1430; x_wconf 92' lang='lat' dir='ltr'><strong>po·</strong></span> 
     </span>
     <span class='ocr_line' id='line_1_11' title="bbox 274 1433 1338 1509; baseline 0.002 -17"><span class='ocrx_word' id='word_1_92' title='bbox 274 1445 380 1492; x_wconf 86' lang='lat' dir='ltr'><strong>testate</strong></span> <span class='ocrx_word' id='word_1_93' title='bbox 402 1436 551 1507; x_wconf 79' lang='lat' dir='ltr'><strong>habeant.)</strong></span> <span class='ocrx_word' id='word_1_94' title='bbox 601 1433 679 1508; x_wconf 93' lang='lat' dir='ltr'>XXI,</span> <span class='ocrx_word' id='word_1_95' title='bbox 707 1443 716 1494; x_wconf 95' lang='grc'>1</span> <span class='ocrx_word' id='word_1_96' title='bbox 743 1437 823 1496; x_wconf 89' lang='lat' dir='ltr'><strong>Galli</strong></span> <span class='ocrx_word' id='word_1_97' title='bbox 845 1449 873 1493; x_wconf 91' lang='lat' dir='ltr'><strong>et</strong></span> <span class='ocrx_word' id='word_1_98' title='bbox 894 1435 912 1468; x_wconf 83' lang='grc'>*</span> <span class='ocrx_word' id='word_1_99' title='bbox 933 1438 971 1493; x_wconf 90' lang='lat' dir='ltr'><strong>ab</strong></span> <span class='ocrx_word' id='word_1_100' title='bbox 993 1437 1060 1508; x_wconf 81' lang='lat' dir='ltr'><strong>(duo</strong></span> <span class='ocrx_word' id='word_1_101' title='bbox 1081 1438 1277 1509; x_wconf 84' lang='lat' dir='ltr'><strong>codd.Dralc.)</strong></span> <span class='ocrx_word' id='word_1_102' title='bbox 1322 1442 1338 1494; x_wconf 83' lang='grc'><strong>6</strong></span> 
     </span>
     <span class='ocr_line' id='line_1_12' title="bbox 274 1514 1342 1601; baseline -0.001 -24"><span class='ocrx_word' id='word_1_103' title='bbox 274 1519 312 1592; x_wconf 78' lang='lat' dir='ltr'><strong>let</strong></span> <span class='ocrx_word' id='word_1_104' title='bbox 336 1520 407 1575; x_wconf 79' lang='lat' dir='ltr'><strong>aad.</strong></span> <span class='ocrx_word' id='word_1_105' title='bbox 433 1518 523 1589; x_wconf 79' lang='lat' dir='ltr'><strong>Creu.)</strong></span> <span class='ocrx_word' id='word_1_106' title='bbox 573 1520 712 1577; x_wconf 81' lang='lat' dir='ltr'><strong>&#39;lineanti</strong></span> <span class='ocrx_word' id='word_1_107' title='bbox 736 1514 793 1601; x_wconf 87' lang='lat' dir='ltr'><strong>[et]</strong></span> <span class='ocrx_word' id='word_1_108' title='bbox 817 1522 853 1576; x_wconf 91' lang='lat' dir='ltr'><strong>ab</strong></span> <span class='ocrx_word' id='word_1_109' title='bbox 877 1520 1032 1593; x_wconf 77' lang='lat' dir='ltr'><strong>(Frobll)</strong></span> <span class='ocrx_word' id='word_1_110' title='bbox 1080 1527 1108 1578; x_wconf 93' lang='grc'><strong>11</strong></span> <span class='ocrx_word' id='word_1_111' title='bbox 1125 1522 1195 1595; x_wconf 81' lang='lat' dir='ltr'><strong>(qua</strong></span> <span class='ocrx_word' id='word_1_112' title='bbox 1216 1521 1342 1578; x_wconf 89' lang='lat' dir='ltr'><strong>evellant</strong></span> 
     </span>
     <span class='ocr_line' id='line_1_13' title="bbox 274 1601 1341 1679; baseline -0.001 -19"><span class='ocrx_word' id='word_1_113' title='bbox 274 1601 362 1660; x_wconf 78' lang='lat' dir='ltr'><strong>Pm&#39;z.</strong></span> <span class='ocrx_word' id='word_1_114' title='bbox 390 1620 447 1677; x_wconf 76' lang='lat' dir='ltr'><strong>pro</strong></span> <span class='ocrx_word' id='word_1_115' title='bbox 468 1621 532 1677; x_wconf 84' lang='lat' dir='ltr'><strong>quse</strong></span> <span class='ocrx_word' id='word_1_116' title='bbox 553 1603 673 1675; x_wconf 86' lang='lat' dir='ltr'><strong>vellant)</strong></span> <span class='ocrx_word' id='word_1_117' title='bbox 732 1606 765 1660; x_wconf 82' lang='grc'>12</span> <span class='ocrx_word' id='word_1_118' title='bbox 796 1604 837 1660; x_wconf 87' lang='lat' dir='ltr'><strong>sic</strong></span> <span class='ocrx_word' id='word_1_119' title='bbox 858 1614 918 1659; x_wconf 91' lang='lat' dir='ltr'><strong>tum</strong></span> <span class='ocrx_word' id='word_1_120' title='bbox 942 1603 1049 1677; x_wconf 86' lang='lat' dir='ltr'><strong>passim</strong></span> <span class='ocrx_word' id='word_1_121' title='bbox 1072 1605 1265 1679; x_wconf 88' lang='lat' dir='ltr'><strong>procubuere;</strong></span> <span class='ocrx_word' id='word_1_122' title='bbox 1292 1604 1341 1660; x_wconf 88' lang='lat' dir='ltr'><strong>alii</strong></span> 
     </span>
     <span class='ocr_line' id='line_1_14' title="bbox 276 1685 1339 1762; baseline 0 -18"><span class='ocrx_word' id='word_1_123' title='bbox 276 1685 341 1760; x_wconf 71' lang='grc'>(19.</span> <span class='ocrx_word' id='word_1_124' title='bbox 364 1686 430 1745; x_wconf 87' lang='lat' dir='ltr'><strong>Em.</strong></span> <span class='ocrx_word' id='word_1_125' title='bbox 442 1688 511 1742; x_wconf 86' lang='lat'><strong>441.</strong></span> <span class='ocrx_word' id='word_1_126' title='bbox 532 1687 618 1744; x_wconf 86' lang='lat' dir='ltr'><strong>Codd.</strong></span> <span class='ocrx_word' id='word_1_127' title='bbox 643 1688 717 1744; x_wconf 90' lang='lat' dir='ltr'><strong>sicut</strong></span> <span class='ocrx_word' id='word_1_128' title='bbox 738 1688 845 1761; x_wconf 87' lang='lat' dir='ltr'><strong>passim</strong></span> <span class='ocrx_word' id='word_1_129' title='bbox 859 1687 1093 1762; x_wconf 84' lang='lat' dir='ltr'><strong>procumberent)</strong></span> <span class='ocrx_word' id='word_1_130' title='bbox 1126 1693 1160 1744; x_wconf 84' lang='lat'><strong>13</strong></span> <span class='ocrx_word' id='word_1_131' title='bbox 1174 1689 1277 1745; x_wconf 90' lang='lat' dir='ltr'><strong>dextra</strong></span> <span class='ocrx_word' id='word_1_132' title='bbox 1285 1689 1339 1761; x_wconf 89' lang='grc' dir='ltr'><strong>(Β)</strong></span> 
     </span>
     <span class='ocr_line' id='line_1_15' title="bbox 280 1765 1342 1846; baseline 0 -18"><span class='ocrx_word' id='word_1_133' title='bbox 280 1765 368 1837; x_wconf 83' lang='lat' dir='ltr'>XXII,</span> <span class='ocrx_word' id='word_1_134' title='bbox 383 1776 400 1826; x_wconf 84' lang='lat'>5</span> <span class='ocrx_word' id='word_1_135' title='bbox 415 1770 490 1843; x_wconf 89' lang='lat' dir='ltr'><strong>(Em.</strong></span> <span class='ocrx_word' id='word_1_136' title='bbox 504 1772 564 1827; x_wconf 89' lang='lat'><strong>441</strong></span> <span class='ocrx_word' id='word_1_137' title='bbox 575 1781 677 1846; x_wconf 90' lang='lat' dir='ltr'><strong>etpost</strong></span> <span class='ocrx_word' id='word_1_138' title='bbox 691 1783 817 1827; x_wconf 88' lang='lat' dir='ltr'><strong>ostentat</strong></span> <span class='ocrx_word' id='word_1_139' title='bbox 838 1771 981 1827; x_wconf 85' lang='lat' dir='ltr'><strong>delendam</strong></span> <span class='ocrx_word' id='word_1_140' title='bbox 1000 1774 1107 1845; x_wconf 83' lang='lat' dir='ltr'><strong>patavi.</strong></span> <span class='ocrx_word' id='word_1_141' title='bbox 1144 1771 1268 1840; x_wconf 84' lang='lat' dir='ltr'><strong>Obstaat,</strong></span> <span class='ocrx_word' id='word_1_142' title='bbox 1280 1791 1342 1846; x_wconf 84' lang='lat' dir='ltr'><strong>qtae</strong></span> 
     </span>
     <span class='ocr_line' id='line_1_16' title="bbox 281 1853 1340 1928; baseline 0.001 -18"><span class='ocrx_word' id='word_1_143' title='bbox 281 1853 404 1926; x_wconf 63' lang='lat' dir='ltr'><strong>matr</strong></span> <span class='ocrx_word' id='word_1_144' title='bbox 423 1853 512 1922; x_wconf 87' lang='lat' dir='ltr'><strong>XXI,</strong></span> <span class='ocrx_word' id='word_1_145' title='bbox 535 1854 586 1923; x_wconf 78' lang='lat'><strong>35,</strong></span> <span class='ocrx_word' id='word_1_146' title='bbox 609 1855 629 1910; x_wconf 88' lang='lat'><em>8</em></span> <span class='ocrx_word' id='word_1_147' title='bbox 650 1864 676 1910; x_wconf 89' lang='lat' dir='ltr'><strong>et</strong></span> <span class='ocrx_word' id='word_1_148' title='bbox 695 1853 843 1922; x_wconf 84' lang='lat' dir='ltr'>XXXIV,</span> <span class='ocrx_word' id='word_1_149' title='bbox 866 1856 916 1928; x_wconf 79' lang='grc'><strong>62,</strong></span> <span class='ocrx_word' id='word_1_150' title='bbox 938 1855 995 1918; x_wconf 89' lang='grc'>11,·</span> <span class='ocrx_word' id='word_1_151' title='bbox 1022 1857 1080 1910; x_wconf 83' lang='lat' dir='ltr'><strong>alia</strong></span> <span class='ocrx_word' id='word_1_152' title='bbox 1102 1858 1170 1911; x_wconf 85' lang='lat' dir='ltr'><strong>enim</strong></span> <span class='ocrx_word' id='word_1_153' title='bbox 1191 1856 1340 1911; x_wconf 81' lang='lat' dir='ltr'><strong>minusad</strong></span> 
     </span>
     <span class='ocr_line' id='line_1_17' title="bbox 274 1937 1338 2013; baseline 0.002 -21"><span class='ocrx_word' id='word_1_154' title='bbox 274 1953 332 1992; x_wconf 74' lang='lat' dir='ltr'><strong>nm</strong></span> <span class='ocrx_word' id='word_1_155' title='bbox 358 1939 499 2012; x_wconf 82' lang='lat' dir='ltr'><strong>pertinent</strong></span> <span class='ocrx_word' id='word_1_156' title='bbox 524 1947 574 1993; x_wconf 84' lang='lat' dir='ltr'><strong>aut</strong></span> <span class='ocrx_word' id='word_1_157' title='bbox 602 1941 705 1994; x_wconf 79' lang='lat' dir='ltr'><strong>lacerta</strong></span> <span class='ocrx_word' id='word_1_158' title='bbox 733 1948 796 1993; x_wconf 83' lang='lat' dir='ltr'><strong>sunt</strong></span> <span class='ocrx_word' id='word_1_159' title='bbox 826 1947 876 1993; x_wconf 84' lang='lat' dir='ltr'><strong>ant</strong></span> <span class='ocrx_word' id='word_1_160' title='bbox 898 1955 1001 2012; x_wconf 84' lang='lat' dir='ltr'><strong>prava.</strong></span> <span class='ocrx_word' id='word_1_161' title='bbox 1062 1937 1157 1994; x_wconf 81' lang='lat' dir='ltr'><strong>Simile</strong></span> <span class='ocrx_word' id='word_1_162' title='bbox 1186 1958 1220 1994; x_wconf 80' lang='lat' dir='ltr'><strong>ea</strong></span> <span class='ocrx_word' id='word_1_163' title='bbox 1242 1940 1338 2013; x_wconf 81' lang='lat' dir='ltr'><strong>aliqua</strong></span> 
     </span>
     <span class='ocr_line' id='line_1_18' title="bbox 274 2019 1339 2095; baseline 0 -19"><span class='ocrx_word' id='word_1_164' title='bbox 274 2027 355 2094; x_wconf 79' lang='lat' dir='ltr'><strong>&#39;parte</strong></span> <span class='ocrx_word' id='word_1_165' title='bbox 375 2029 417 2076; x_wconf 87' lang='lat' dir='ltr'><strong>est</strong></span> <span class='ocrx_word' id='word_1_166' title='bbox 437 2019 530 2094; x_wconf 88' lang='lat' dir='ltr'><strong>inquit</strong></span> <span class='ocrx_word' id='word_1_167' title='bbox 547 2030 613 2095; x_wconf 89' lang='lat' dir='ltr'><strong>post</strong></span> <span class='ocrx_word' id='word_1_168' title='bbox 632 2032 661 2076; x_wconf 88' lang='lat' dir='ltr'><strong>et</strong></span> <span class='ocrx_word' id='word_1_169' title='bbox 682 2023 808 2077; x_wconf 80' lang='lat' dir='ltr'><strong>amissam</strong></span> <span class='ocrx_word' id='word_1_170' title='bbox 837 2021 885 2086; x_wconf 90' lang='lat' dir='ltr'><strong>VI,</strong></span> <span class='ocrx_word' id='word_1_171' title='bbox 909 2022 933 2090; x_wconf 95' lang='lat'><strong>7,</strong></span> <span class='ocrx_word' id='word_1_172' title='bbox 955 2020 984 2084; x_wconf 88' lang='lat'><strong>3,</strong></span> <span class='ocrx_word' id='word_1_173' title='bbox 1006 2020 1107 2088; x_wconf 89' lang='lat' dir='ltr'>XXX,</span> <span class='ocrx_word' id='word_1_174' title='bbox 1131 2023 1178 2086; x_wconf 86' lang='lat'><strong>12,</strong></span> <span class='ocrx_word' id='word_1_175' title='bbox 1202 2022 1249 2085; x_wconf 88' lang='lat'>12,</span> <span class='ocrx_word' id='word_1_176' title='bbox 1270 2022 1339 2089; x_wconf 88' lang='lat' dir='ltr'>XL,</span> 
     </span>
     <span class='ocr_line' id='line_1_19' title="bbox 276 2101 1340 2179; baseline 0.002 -21"><span class='ocrx_word' id='word_1_177' title='bbox 276 2101 325 2171; x_wconf 77' lang='lat'>40,</span> <span class='ocrx_word' id='word_1_178' title='bbox 346 2103 374 2173; x_wconf 91' lang='lat'>4,</span> <span class='ocrx_word' id='word_1_179' title='bbox 403 2102 478 2176; x_wconf 78' lang='lat' dir='ltr'><strong>Vt&#39;rp.</strong></span> <span class='ocrx_word' id='word_1_180' title='bbox 492 2104 608 2163; x_wconf 83' lang='lat' dir='ltr'><strong>AEaeid.</strong></span> <span class='ocrx_word' id='word_1_181' title='bbox 628 2103 668 2170; x_wconf 91' lang='lat' dir='ltr'><strong>II,</strong></span> <span class='ocrx_word' id='word_1_182' title='bbox 691 2105 740 2171; x_wconf 90' lang='lat'>42,</span> <span class='ocrx_word' id='word_1_183' title='bbox 761 2104 832 2163; x_wconf 86' lang='lat' dir='ltr'><strong>Hor.</strong></span> <span class='ocrx_word' id='word_1_184' title='bbox 855 2103 916 2161; x_wconf 80' lang='lat' dir='ltr'><strong>Sat.</strong></span> <span class='ocrx_word' id='word_1_185' title='bbox 939 2104 964 2170; x_wconf 95' lang='lat' dir='ltr'><strong>I,</strong></span> <span class='ocrx_word' id='word_1_186' title='bbox 983 2104 1011 2173; x_wconf 73' lang='lat'>9,</span> <span class='ocrx_word' id='word_1_187' title='bbox 1023 2105 1064 2175; x_wconf 88' lang='lat'><strong>4.)</strong></span> <span class='ocrx_word' id='word_1_188' title='bbox 1108 2101 1208 2173; x_wconf 92' lang='lat' dir='ltr'>XXIII,</span> <span class='ocrx_word' id='word_1_189' title='bbox 1233 2106 1249 2159; x_wconf 85' lang='lat'><strong>&#39;2</strong></span> <span class='ocrx_word' id='word_1_190' title='bbox 1272 2123 1340 2179; x_wconf 85' lang='lat' dir='ltr'><strong>pro·—</strong></span> 
     </span>
     <span class='ocr_line' id='line_1_20' title="bbox 275 2183 1338 2262; baseline 0.002 -20"><span class='ocrx_word' id='word_1_191' title='bbox 275 2183 349 2260; x_wconf 78' lang='lat' dir='ltr'><strong>lapsi</strong></span> <span class='ocrx_word' id='word_1_192' title='bbox 371 2204 406 2243; x_wconf 87' lang='lat' dir='ltr'><strong>ac</strong></span> <span class='ocrx_word' id='word_1_193' title='bbox 430 2186 571 2243; x_wconf 89' lang='lat' dir='ltr'><strong>debilitati</strong></span> <span class='ocrx_word' id='word_1_194' title='bbox 595 2189 660 2261; x_wconf 73' lang='lat' dir='ltr'><strong>(aq.</strong></span> <span class='ocrx_word' id='word_1_195' title='bbox 684 2187 750 2247; x_wconf 83' lang='lat' dir='ltr'><strong>Em.</strong></span> <span class='ocrx_word' id='word_1_196' title='bbox 774 2188 851 2252; x_wconf 89' lang='lat'>442,·</span> <span class='ocrx_word' id='word_1_197' title='bbox 885 2189 934 2260; x_wconf 87' lang='lat' dir='ltr'><strong>esr.</strong></span> <span class='ocrx_word' id='word_1_198' title='bbox 959 2186 1077 2255; x_wconf 85' lang='lat' dir='ltr'>XXXI,</span> <span class='ocrx_word' id='word_1_199' title='bbox 1099 2189 1148 2256; x_wconf 79' lang='grc'><strong>45,</strong></span> <span class='ocrx_word' id='word_1_200' title='bbox 1170 2190 1209 2244; x_wconf 84' lang='grc'><strong>15</strong></span> <span class='ocrx_word' id='word_1_201' title='bbox 1231 2186 1338 2262; x_wconf 82' lang='lat' dir='ltr'><strong>repulsi</strong></span> 
     </span>
     <span class='ocr_line' id='line_1_21' title="bbox 279 2269 1338 2344; baseline 0.006 -20"><span class='ocrx_word' id='word_1_202' title='bbox 279 2269 501 2344; x_wconf 78' lang='lat' dir='ltr'><strong>...regressi</strong></span> <span class='ocrx_word' id='word_1_203' title='bbox 559 2270 646 2327; x_wconf 84' lang='lat' dir='ltr'><strong>Codd.</strong></span> <span class='ocrx_word' id='word_1_204' title='bbox 677 2282 726 2326; x_wconf 88' lang='lat' dir='ltr'><strong>aut</strong></span> <span class='ocrx_word' id='word_1_205' title='bbox 754 2269 907 2339; x_wconf 86' lang='lat' dir='ltr'><strong>debilitati)</strong></span> <span class='ocrx_word' id='word_1_206' title='bbox 967 2274 1001 2325; x_wconf 87' lang='lat' dir='ltr'><strong>to</strong></span> <span class='ocrx_word' id='word_1_207' title='bbox 1035 2270 1064 2325; x_wconf 94' lang='lat' dir='ltr'><strong>in</strong></span> <span class='ocrx_word' id='word_1_208' title='bbox 1091 2273 1149 2326; x_wconf 85' lang='lat' dir='ltr'><strong>siae</strong></span> <span class='ocrx_word' id='word_1_209' title='bbox 1175 2273 1251 2327; x_wconf 80' lang='lat' dir='ltr'><strong>aneis</strong></span> <span class='ocrx_word' id='word_1_210' title='bbox 1273 2272 1338 2343; x_wconf 74' lang='lat' dir='ltr'><strong>(llp.</strong></span> 
     </span>
     <span class='ocr_line' id='line_1_22' title="bbox 280 2349 1341 2428; baseline 0.003 -21"><span class='ocrx_word' id='word_1_211' title='bbox 280 2349 340 2411; x_wconf 68' lang='lat' dir='ltr'><strong>aa.</strong></span> <span class='ocrx_word' id='word_1_212' title='bbox 361 2354 434 2425; x_wconf 91' lang='lat'><strong>442)</strong></span> <span class='ocrx_word' id='word_1_213' title='bbox 504 2350 609 2421; x_wconf 83' lang='lat' dir='ltr'>XXIV,</span> <span class='ocrx_word' id='word_1_214' title='bbox 638 2356 655 2409; x_wconf 84' lang='lat'><strong>2</strong></span> <span class='ocrx_word' id='word_1_215' title='bbox 685 2354 816 2428; x_wconf 89' lang='lat' dir='ltr'><strong>captivas</strong></span> <span class='ocrx_word' id='word_1_216' title='bbox 844 2353 935 2427; x_wconf 83' lang='lat' dir='ltr'><strong>(codd.</strong></span> <span class='ocrx_word' id='word_1_217' title='bbox 958 2353 1054 2408; x_wconf 81' lang='lat' dir='ltr'><strong>Etiam</strong></span> <span class='ocrx_word' id='word_1_218' title='bbox 1084 2356 1159 2409; x_wconf 78' lang='lat' dir='ltr'><strong>utros</strong></span> <span class='ocrx_word' id='word_1_219' title='bbox 1190 2356 1218 2410; x_wconf 84' lang='lat' dir='ltr'><strong>ia</strong></span> <span class='ocrx_word' id='word_1_220' title='bbox 1246 2355 1341 2410; x_wconf 87' lang='lat' dir='ltr'><strong>eadem</strong></span> 
     </span>
     <span class='ocr_line' id='line_1_23' title="bbox 284 2433 1338 2513; baseline -0.001 -20"><span class='ocrx_word' id='word_1_221' title='bbox 284 2437 399 2493; x_wconf 68' lang='lat' dir='ltr'><strong>wadia</strong></span> <span class='ocrx_word' id='word_1_222' title='bbox 422 2439 523 2511; x_wconf 74' lang='lat' dir='ltr'><strong>sitisse,</strong></span> <span class='ocrx_word' id='word_1_223' title='bbox 555 2446 673 2512; x_wconf 74' lang='lat' dir='ltr'><strong>appara</strong></span> <span class='ocrx_word' id='word_1_224' title='bbox 704 2438 818 2509; x_wconf 76' lang='lat' dir='ltr'><strong>e§b&#39;.)</strong></span> <span class='ocrx_word' id='word_1_225' title='bbox 874 2433 970 2505; x_wconf 89' lang='lat' dir='ltr'>XXV,</span> <span class='ocrx_word' id='word_1_226' title='bbox 1007 2442 1015 2492; x_wconf 92' lang='grc'>1</span> <span class='ocrx_word' id='word_1_227' title='bbox 1049 2439 1197 2513; x_wconf 79' lang='lat' dir='ltr'><strong>Ancyram</strong></span> <span class='ocrx_word' id='word_1_228' title='bbox 1226 2437 1338 2497; x_wconf 81' lang='lat' dir='ltr'><strong>amad</strong></span> 
     </span>
     <span class='ocr_line' id='line_1_24' title="bbox 284 2515 1338 2601; baseline 0.001 -25"><span class='ocrx_word' id='word_1_229' title='bbox 284 2517 355 2598; x_wconf 80' lang='grc'>(1))</span> <span class='ocrx_word' id='word_1_230' title='bbox 377 2540 414 2577; x_wconf 90' lang='lat' dir='ltr'><strong>ne</strong></span> <span class='ocrx_word' id='word_1_231' title='bbox 436 2532 504 2578; x_wconf 90' lang='lat' dir='ltr'><strong>ante</strong></span> <span class='ocrx_word' id='word_1_232' title='bbox 527 2515 580 2600; x_wconf 88' lang='lat' dir='ltr'><strong>[ab</strong></span> <span class='ocrx_word' id='word_1_233' title='bbox 598 2515 732 2601; x_wconf 85' lang='lat' dir='ltr'><strong>Ancyra]</strong></span> <span class='ocrx_word' id='word_1_234' title='bbox 755 2532 851 2579; x_wconf 87' lang='lat' dir='ltr'><strong>castra</strong></span> <span class='ocrx_word' id='word_1_235' title='bbox 874 2522 926 2593; x_wconf 89' lang='lat' dir='ltr'><strong>(M)</strong></span> <span class='ocrx_word' id='word_1_236' title='bbox 974 2524 992 2577; x_wconf 88' lang='grc'>5</span> <span class='ocrx_word' id='word_1_237' title='bbox 1021 2520 1105 2576; x_wconf 88' lang='lat' dir='ltr'><strong>iactae</strong></span> <span class='ocrx_word' id='word_1_238' title='bbox 1131 2533 1196 2577; x_wconf 85' lang='lat' dir='ltr'><strong>sunt</strong></span> <span class='ocrx_word' id='word_1_239' title='bbox 1225 2519 1338 2593; x_wconf 79' lang='lat' dir='ltr'><strong>(Gran.)</strong></span> 
     </span>
     <span class='ocr_line' id='line_1_25' title="bbox 289 2598 1379 2678; baseline 0.001 -19"><span class='ocrx_word' id='word_1_240' title='bbox 289 2598 320 2659; x_wconf 88' lang='lat' dir='ltr'><strong>tt</strong></span> <span class='ocrx_word' id='word_1_241' title='bbox 339 2602 537 2673; x_wconf 80' lang='lat' dir='ltr'><strong>(Probabilt&#39;ter</strong></span> <span class='ocrx_word' id='word_1_242' title='bbox 560 2604 597 2660; x_wconf 83' lang='lat' dir='ltr'><strong>A.</strong></span> <span class='ocrx_word' id='word_1_243' title='bbox 620 2605 709 2662; x_wconf 70' lang='lat' dir='ltr'><strong>Perit.</strong></span> <span class='ocrx_word' id='word_1_244' title='bbox 740 2604 864 2678; x_wconf 87' lang='lat' dir='ltr'><strong>excepit)</strong></span> <span class='ocrx_word' id='word_1_245' title='bbox 931 2608 965 2660; x_wconf 91' lang='grc'><strong>14</strong></span> <span class='ocrx_word' id='word_1_246' title='bbox 1000 2604 1137 2661; x_wconf 86' lang='lat' dir='ltr'><strong>exaudito</strong></span> <span class='ocrx_word' id='word_1_247' title='bbox 1169 2607 1224 2677; x_wconf 92' lang='lat' dir='ltr'>(B,</span> <span class='ocrx_word' id='word_1_248' title='bbox 1256 2606 1336 2664; x_wconf 84' lang='lat' dir='ltr'><strong>codd.</strong></span> <span class='ocrx_word' id='word_1_249' title='bbox 1376 2608 1379 2613; x_wconf 89' lang='grc'><strong>’</strong></span> 
     </span>
     <span class='ocr_line' id='line_1_26' title="bbox 279 2682 1337 2764; baseline 0.002 -21"><span class='ocrx_word' id='word_1_250' title='bbox 279 2682 378 2761; x_wconf 70' lang='lat' dir='ltr'><strong>brat)</strong></span> <span class='ocrx_word' id='word_1_251' title='bbox 441 2692 477 2744; x_wconf 85' lang='grc'><strong>15</strong></span> <span class='ocrx_word' id='word_1_252' title='bbox 505 2689 534 2744; x_wconf 90' lang='lat' dir='ltr'><strong>in</strong></span> <span class='ocrx_word' id='word_1_253' title='bbox 564 2688 689 2744; x_wconf 87' lang='lat' dir='ltr'><strong>victores</strong></span> <span class='ocrx_word' id='word_1_254' title='bbox 722 2709 740 2744; x_wconf 87' lang='lat' dir='ltr'><strong>a</strong></span> <span class='ocrx_word' id='word_1_255' title='bbox 773 2688 856 2743; x_wconf 86' lang='lat' dir='ltr'><strong>victis</strong></span> <span class='ocrx_word' id='word_1_256' title='bbox 883 2687 935 2760; x_wconf 92' lang='lat' dir='ltr'><strong>(B)</strong></span> <span class='ocrx_word' id='word_1_257' title='bbox 970 2683 975 2764; x_wconf 77' lang='lat' dir='ltr'>I</span> <span class='ocrx_word' id='word_1_258' title='bbox 1008 2686 1122 2743; x_wconf 82' lang='lat' dir='ltr'><strong>facilem</strong></span> <span class='ocrx_word' id='word_1_259' title='bbox 1158 2699 1208 2745; x_wconf 84' lang='lat' dir='ltr'><strong>ant</strong></span> <span class='ocrx_word' id='word_1_260' title='bbox 1246 2700 1337 2745; x_wconf 90' lang='lat' dir='ltr'><strong>tutam</strong></span> 
     </span>
     <span class='ocr_line' id='line_1_27' title="bbox 284 2767 1337 2847; baseline 0.002 -18"><span class='ocrx_word' id='word_1_261' title='bbox 284 2767 332 2843; x_wconf 80' lang='lat' dir='ltr'><strong>(B)</strong></span> <span class='ocrx_word' id='word_1_262' title='bbox 370 2767 473 2835; x_wconf 89' lang='lat' dir='ltr'>XXVI,</span> <span class='ocrx_word' id='word_1_263' title='bbox 497 2773 513 2828; x_wconf 87' lang='lat'><strong>3</strong></span> <span class='ocrx_word' id='word_1_264' title='bbox 537 2772 707 2828; x_wconf 89' lang='lat' dir='ltr'><strong>locaverunt</strong></span> <span class='ocrx_word' id='word_1_265' title='bbox 729 2773 790 2845; x_wconf 73' lang='lat' dir='ltr'><strong>(aq.</strong></span> <span class='ocrx_word' id='word_1_266' title='bbox 813 2771 878 2825; x_wconf 85' lang='lat' dir='ltr'><strong>Em.</strong></span> <span class='ocrx_word' id='word_1_267' title='bbox 900 2768 972 2843; x_wconf 85' lang='lat'><strong>442)</strong></span> <span class='ocrx_word' id='word_1_268' title='bbox 1018 2775 1035 2827; x_wconf 85' lang='lat'>4</span> <span class='ocrx_word' id='word_1_269' title='bbox 1059 2770 1250 2846; x_wconf 82' lang='lat' dir='ltr'><strong>Cappadoces</strong></span> <span class='ocrx_word' id='word_1_270' title='bbox 1271 2775 1337 2847; x_wconf 79' lang='lat' dir='ltr'><strong>(le.</strong></span> 
     </span>
     <span class='ocr_line' id='line_1_28' title="bbox 274 2848 1338 2927; baseline 0.004 -19"><span class='ocrx_word' id='word_1_271' title='bbox 274 2848 340 2910; x_wconf 61' lang='lat' dir='ltr'><strong>‘aa</strong></span> <span class='ocrx_word' id='word_1_272' title='bbox 361 2856 377 2913; x_wconf 90' lang='lat' dir='ltr'><strong>l.</strong></span> <span class='ocrx_word' id='word_1_273' title='bbox 399 2873 422 2912; x_wconf 87' lang='lat' dir='ltr'><strong>c.</strong></span> <span class='ocrx_word' id='word_1_274' title='bbox 441 2849 539 2927; x_wconf 67' lang='lat' dir='ltr'><strong>&#39;Lonqe</strong></span> <span class='ocrx_word' id='word_1_275' title='bbox 559 2856 641 2910; x_wconf 83' lang='lat' dir='ltr'><strong>aliter</strong></span> <span class='ocrx_word' id='word_1_276' title='bbox 662 2855 792 2910; x_wconf 81' lang='lat' dir='ltr'><strong>dieantur</strong></span> <span class='ocrx_word' id='word_1_277' title='bbox 812 2854 849 2910; x_wconf 90' lang='lat' dir='ltr'><strong>ab</strong></span> <span class='ocrx_word' id='word_1_278' title='bbox 872 2854 975 2910; x_wconf 85' lang='lat' dir='ltr'><strong>Attalo</strong></span> <span class='ocrx_word' id='word_1_279' title='bbox 998 2853 1165 2924; x_wconf 88' lang='lat' dir='ltr'><strong>Cretenses;</strong></span> <span class='ocrx_word' id='word_1_280' title='bbox 1187 2875 1220 2913; x_wconf 83' lang='lat' dir='ltr'><strong>ne</strong></span> <span class='ocrx_word' id='word_1_281' title='bbox 1244 2857 1338 2912; x_wconf 87' lang='lat' dir='ltr'><strong>Attali</strong></span> 
     </span>
     <span class='ocr_line' id='line_1_29' title="bbox 281 2930 1337 3014; baseline 0.005 -23"><span class='ocrx_word' id='word_1_282' title='bbox 281 2930 425 2995; x_wconf 73' lang='lat' dir='ltr'><strong>Cretenses</strong></span> <span class='ocrx_word' id='word_1_283' title='bbox 448 2939 567 3014; x_wconf 82' lang='lat' dir='ltr'><strong>quidem,</strong></span> <span class='ocrx_word' id='word_1_284' title='bbox 589 2939 639 2994; x_wconf 86' lang='lat' dir='ltr'><strong>boa</strong></span> <span class='ocrx_word' id='word_1_285' title='bbox 662 2947 710 3005; x_wconf 88' lang='lat' dir='ltr'><strong>est,</strong></span> <span class='ocrx_word' id='word_1_286' title='bbox 733 2939 845 3011; x_wconf 82' lang='lat' dir='ltr'><strong>quasis</strong></span> <span class='ocrx_word' id='word_1_287' title='bbox 867 2937 1055 3008; x_wconf 69' lang='lat' dir='ltr'><strong>conduxisset,</strong></span> <span class='ocrx_word' id='word_1_288' title='bbox 1077 2939 1169 2994; x_wconf 84' lang='lat' dir='ltr'><strong>eodem</strong></span> <span class='ocrx_word' id='word_1_289' title='bbox 1190 2941 1270 2996; x_wconf 86' lang='lat' dir='ltr'><strong>modo</strong></span> <span class='ocrx_word' id='word_1_290' title='bbox 1292 2941 1337 2995; x_wconf 82' lang='lat' dir='ltr'><strong>di-</strong></span> 
     </span>
     <span class='ocr_line' id='line_1_30' title="bbox 278 3019 1336 3098; baseline 0.003 -22"><span class='ocrx_word' id='word_1_291' title='bbox 278 3030 413 3086; x_wconf 65' lang='lat' dir='ltr'><strong>errenam</strong></span> <span class='ocrx_word' id='word_1_292' title='bbox 445 3025 513 3078; x_wconf 86' lang='lat' dir='ltr'><strong>mt&#39;re</strong></span> <span class='ocrx_word' id='word_1_293' title='bbox 537 3030 627 3076; x_wconf 86' lang='lat' dir='ltr'><strong>autem</strong></span> <span class='ocrx_word' id='word_1_294' title='bbox 655 3029 850 3095; x_wconf 85' lang='lat' dir='ltr'><strong>componuntur</strong></span> <span class='ocrx_word' id='word_1_295' title='bbox 871 3020 1037 3077; x_wconf 84' lang='lat' dir='ltr'><strong>Ariarathis</strong></span> <span class='ocrx_word' id='word_1_296' title='bbox 1058 3019 1250 3096; x_wconf 83' lang='lat' dir='ltr'><strong>Cappadoces</strong></span> <span class='ocrx_word' id='word_1_297' title='bbox 1272 3025 1336 3098; x_wconf 91' lang='lat' dir='ltr'><strong>(po-</strong></span> 
     </span>
     <span class='ocr_line' id='line_1_31' title="bbox 274 3104 1338 3178; baseline 0 -18"><span class='ocrx_word' id='word_1_298' title='bbox 274 3104 337 3175; x_wconf 61' lang='lat' dir='ltr'><strong>pet·</strong></span> <span class='ocrx_word' id='word_1_299' title='bbox 363 3106 477 3178; x_wconf 67' lang='lat' dir='ltr'><strong>amane)</strong></span> <span class='ocrx_word' id='word_1_300' title='bbox 512 3113 538 3160; x_wconf 86' lang='lat' dir='ltr'><strong>et</strong></span> <span class='ocrx_word' id='word_1_301' title='bbox 565 3104 669 3160; x_wconf 82' lang='lat' dir='ltr'><strong>Morzii</strong></span> <span class='ocrx_word' id='word_1_302' title='bbox 702 3104 876 3173; x_wconf 83' lang='lat' dir='ltr'><strong>attxiliares,</strong></span> <span class='ocrx_word' id='word_1_303' title='bbox 910 3105 993 3177; x_wconf 83' lang='lat' dir='ltr'><strong>quasi</strong></span> <span class='ocrx_word' id='word_1_304' title='bbox 1028 3105 1071 3159; x_wconf 80' lang='lat' dir='ltr'><strong>illi</strong></span> <span class='ocrx_word' id='word_1_305' title='bbox 1100 3107 1251 3162; x_wconf 77' lang='lat' dir='ltr'><strong>ancillares</strong></span> <span class='ocrx_word' id='word_1_306' title='bbox 1283 3126 1338 3161; x_wconf 83' lang='lat' dir='ltr'><strong>nott</strong></span> 
     </span>
     <span class='ocr_line' id='line_1_32' title="bbox 274 3184 1340 3263; baseline 0 -20"><span class='ocrx_word' id='word_1_307' title='bbox 274 3184 389 3253; x_wconf 51' lang='lat' dir='ltr'><strong>fariam</strong></span> <span class='ocrx_word' id='word_1_308' title='bbox 421 3192 515 3263; x_wconf 83' lang='lat' dir='ltr'><strong>itaque</strong></span> <span class='ocrx_word' id='word_1_309' title='bbox 539 3185 697 3243; x_wconf 75' lang='lat' dir='ltr'><strong>Glareanus</strong></span> <span class='ocrx_word' id='word_1_310' title='bbox 721 3188 880 3255; x_wconf 81' lang='lat' dir='ltr'><strong>dubitabat,</strong></span> <span class='ocrx_word' id='word_1_311' title='bbox 910 3205 958 3254; x_wconf 47' lang='lat' dir='ltr'><strong>aa,</strong></span> <span class='ocrx_word' id='word_1_312' title='bbox 969 3188 1092 3260; x_wconf 85' lang='lat' dir='ltr'><strong>papulus</strong></span> <span class='ocrx_word' id='word_1_313' title='bbox 1120 3188 1222 3261; x_wconf 81' lang='lat' dir='ltr'><strong>aliquis</strong></span> <span class='ocrx_word' id='word_1_314' title='bbox 1243 3190 1340 3245; x_wconf 73' lang='lat' dir='ltr'><strong>Martii</strong></span> 
     </span>
     <span class='ocr_line' id='line_1_33' title="bbox 280 3265 1335 3349; baseline -0.001 -21"><span class='ocrx_word' id='word_1_315' title='bbox 280 3272 383 3349; x_wconf 64' lang='lat' dir='ltr'><strong>ml.)</strong></span> <span class='ocrx_word' id='word_1_316' title='bbox 407 3274 411 3344; x_wconf 92' lang='grc' dir='ltr'>Ι</span> <span class='ocrx_word' id='word_1_317' title='bbox 430 3271 525 3328; x_wconf 85' lang='lat' dir='ltr'><strong>Morzi</strong></span> <span class='ocrx_word' id='word_1_318' title='bbox 545 3269 650 3341; x_wconf 79' lang='lat' dir='ltr'><strong>(Drala</strong></span> <span class='ocrx_word' id='word_1_319' title='bbox 670 3271 801 3345; x_wconf 76' lang='lat' dir='ltr'><strong>Polybius</strong></span> <span class='ocrx_word' id='word_1_320' title='bbox 824 3265 986 3344; x_wconf 70' lang='grc' dir='ltr'><strong>Μορζῖου)</strong></span> <span class='ocrx_word' id='word_1_321' title='bbox 1032 3266 1147 3339; x_wconf 75' lang='lat' dir='ltr'>XXVII,</span> <span class='ocrx_word' id='word_1_322' title='bbox 1173 3275 1187 3326; x_wconf 79' lang='grc'><strong>7</strong></span> <span class='ocrx_word' id='word_1_323' title='bbox 1211 3271 1335 3327; x_wconf 91' lang='lat' dir='ltr'><strong>hostium</strong></span> 
     </span>
     <span class='ocr_line' id='line_1_34' title="bbox 285 3347 1337 3432; baseline 0.001 -24"><span class='ocrx_word' id='word_1_324' title='bbox 285 3353 437 3428; x_wconf 66' lang='lat' dir='ltr'><strong>astrisffl)</strong></span> <span class='ocrx_word' id='word_1_325' title='bbox 471 3351 607 3421; x_wconf 86' lang='lat' dir='ltr'>XXVIII,</span> <span class='ocrx_word' id='word_1_326' title='bbox 632 3358 643 3409; x_wconf 95' lang='grc'>1</span> <span class='ocrx_word' id='word_1_327' title='bbox 672 3347 886 3432; x_wconf 84' lang='lat' dir='ltr'><strong>[per]legerunt</strong></span> <span class='ocrx_word' id='word_1_328' title='bbox 907 3352 1027 3426; x_wconf 82' lang='lat' dir='ltr'><strong>(Maelius</strong></span> <span class='ocrx_word' id='word_1_329' title='bbox 1047 3356 1111 3408; x_wconf 81' lang='lat' dir='ltr'><strong>ell:</strong></span> <span class='ocrx_word' id='word_1_330' title='bbox 1133 3354 1291 3427; x_wconf 85' lang='lat' dir='ltr'><strong>elegerunt)</strong></span> <span class='ocrx_word' id='word_1_331' title='bbox 1319 3360 1337 3409; x_wconf 88' lang='lat'>4</span> 
     </span>
     <span class='ocr_line' id='line_1_35' title="bbox 277 3430 1335 3513; baseline 0.003 -22"><span class='ocrx_word' id='word_1_332' title='bbox 277 3430 426 3513; x_wconf 76' lang='lat' dir='ltr'><strong>Campani,</strong></span> <span class='ocrx_word' id='word_1_333' title='bbox 455 3438 505 3494; x_wconf 89' lang='lat' dir='ltr'><strong>ubi</strong></span> <span class='ocrx_word' id='word_1_334' title='bbox 530 3437 654 3510; x_wconf 84' lang='lat' dir='ltr'><strong>(interp.)</strong></span> <span class='ocrx_word' id='word_1_335' title='bbox 709 3440 726 3494; x_wconf 87' lang='grc'><strong>6</strong></span> <span class='ocrx_word' id='word_1_336' title='bbox 750 3436 848 3511; x_wconf 88' lang='lat' dir='ltr'><strong>populi</strong></span> <span class='ocrx_word' id='word_1_337' title='bbox 870 3441 887 3471; x_wconf 68' lang='lat'><strong>⁴*</strong></span> <span class='ocrx_word' id='word_1_338' title='bbox 909 3438 927 3471; x_wconf 78' lang='lat'><em>*</em></span> <span class='ocrx_word' id='word_1_339' title='bbox 951 3437 1068 3492; x_wconf 90' lang='lat' dir='ltr'><strong>vicenos</strong></span> <span class='ocrx_word' id='word_1_340' title='bbox 1090 3437 1153 3509; x_wconf 77' lang='lat' dir='ltr'><strong>(Mp.</strong></span> <span class='ocrx_word' id='word_1_341' title='bbox 1177 3437 1240 3497; x_wconf 86' lang='lat' dir='ltr'><strong>Em.</strong></span> <span class='ocrx_word' id='word_1_342' title='bbox 1264 3437 1335 3495; x_wconf 90' lang='grc'>443.</span> 
     </span>
     <span class='ocr_line' id='line_1_36' title="bbox 285 3512 1338 3593; baseline -0.002 -15"><span class='ocrx_word' id='word_1_343' title='bbox 285 3512 413 3577; x_wconf 68' lang='lat' dir='ltr'><strong>limma</strong></span> <span class='ocrx_word' id='word_1_344' title='bbox 432 3524 552 3578; x_wconf 82' lang='lat' dir='ltr'><strong>incertas</strong></span> <span class='ocrx_word' id='word_1_345' title='bbox 573 3519 635 3592; x_wconf 86' lang='lat' dir='ltr'><strong>est.)</strong></span> <span class='ocrx_word' id='word_1_346' title='bbox 680 3522 697 3576; x_wconf 91' lang='lat'>8</span> <span class='ocrx_word' id='word_1_347' title='bbox 721 3520 847 3593; x_wconf 87' lang='lat' dir='ltr'><strong>quietum</strong></span> <span class='ocrx_word' id='word_1_348' title='bbox 871 3519 1061 3575; x_wconf 80' lang='lat' dir='ltr'><strong>excitaverint</strong></span> <span class='ocrx_word' id='word_1_349' title='bbox 1082 3520 1188 3575; x_wconf 84' lang='lat' dir='ltr'><strong>malurn</strong></span> <span class='ocrx_word' id='word_1_350' title='bbox 1213 3520 1259 3592; x_wconf 86' lang='lat' dir='ltr'><strong>(ll.</strong></span> <span class='ocrx_word' id='word_1_351' title='bbox 1303 3518 1338 3576; x_wconf 76' lang='lat' dir='ltr'><strong>St</strong></span> 
     </span>
     <span class='ocr_line' id='line_1_37' title="bbox 280 3602 1334 3678; baseline -0.002 -17"><span class='ocrx_word' id='word_1_352' title='bbox 280 3602 489 3677; x_wconf 51' lang='lat' dir='ltr'><strong>&#39;moretum</strong></span> <span class='ocrx_word' id='word_1_353' title='bbox 511 3624 526 3661; x_wconf 92' lang='lat' dir='ltr'><strong>e</strong></span> <span class='ocrx_word' id='word_1_354' title='bbox 547 3606 636 3678; x_wconf 83' lang='lat' dir='ltr'><strong>quiete</strong></span> <span class='ocrx_word' id='word_1_355' title='bbox 657 3605 801 3659; x_wconf 77' lang='lat' dir='ltr'><strong>casitatem</strong></span> <span class='ocrx_word' id='word_1_356' title='bbox 824 3611 1021 3676; x_wconf 78' lang='lat' dir='ltr'><strong>tempestatem,</strong></span> <span class='ocrx_word' id='word_1_357' title='bbox 1048 3606 1124 3676; x_wconf 78' lang='lat' dir='ltr'><strong>ferri</strong></span> <span class='ocrx_word' id='word_1_358' title='bbox 1143 3605 1260 3659; x_wconf 73' lang='lat' dir='ltr'><strong>alterum</strong></span> <span class='ocrx_word' id='word_1_359' title='bbox 1280 3604 1334 3659; x_wconf 87' lang='lat' dir='ltr'><strong>alt&#39;-</strong></span> 
     </span>
     <span class='ocr_line' id='line_1_38' title="bbox 288 3683 1335 3763; baseline 0 -19"><span class='ocrx_word' id='word_1_360' title='bbox 288 3696 333 3755; x_wconf 69' lang='lat' dir='ltr'><strong>qno</strong></span> <span class='ocrx_word' id='word_1_361' title='bbox 349 3689 427 3744; x_wconf 89' lang='lat' dir='ltr'><strong>modo</strong></span> <span class='ocrx_word' id='word_1_362' title='bbox 446 3697 548 3763; x_wconf 88' lang='lat' dir='ltr'><strong>posset,</strong></span> <span class='ocrx_word' id='word_1_363' title='bbox 570 3689 622 3742; x_wconf 86' lang='lat' dir='ltr'><strong>etsi</strong></span> <span class='ocrx_word' id='word_1_364' title='bbox 641 3689 759 3760; x_wconf 81' lang='lat' dir='ltr'><strong>ineptam</strong></span> <span class='ocrx_word' id='word_1_365' title='bbox 783 3695 851 3741; x_wconf 87' lang='lat' dir='ltr'><strong>esset</strong></span> <span class='ocrx_word' id='word_1_366' title='bbox 874 3686 940 3741; x_wconf 87' lang='lat' dir='ltr'><strong>mali</strong></span> <span class='ocrx_word' id='word_1_367' title='bbox 964 3687 1135 3760; x_wconf 76' lang='lat' dir='ltr'><strong>appellatio.)</strong></span> <span class='ocrx_word' id='word_1_368' title='bbox 1178 3683 1294 3754; x_wconf 92' lang='lat' dir='ltr'>XXIX,</span> <span class='ocrx_word' id='word_1_369' title='bbox 1319 3695 1335 3743; x_wconf 83' lang='grc'>4</span> 
     </span>
     <span class='ocr_line' id='line_1_39' title="bbox 287 3762 1336 3845; baseline -0.001 -18"><span class='ocrx_word' id='word_1_370' title='bbox 287 3762 306 3821; x_wconf 71' lang='lat' dir='ltr'>II</span> <span class='ocrx_word' id='word_1_371' title='bbox 347 3771 498 3845; x_wconf 83' lang='lat' dir='ltr'><strong>blongins</strong></span> <span class='ocrx_word' id='word_1_372' title='bbox 522 3771 644 3845; x_wconf 87' lang='lat' dir='ltr'><strong>certiore</strong></span> <span class='ocrx_word' id='word_1_373' title='bbox 672 3780 701 3824; x_wconf 88' lang='lat' dir='ltr'><strong>et</strong></span> <span class='ocrx_word' id='word_1_374' title='bbox 729 3769 870 3825; x_wconf 88' lang='lat' dir='ltr'><strong>validiore</strong></span> <span class='ocrx_word' id='word_1_375' title='bbox 892 3770 945 3841; x_wconf 87' lang='lat' dir='ltr'><strong>(ll)</strong></span> <span class='ocrx_word' id='word_1_376' title='bbox 1008 3770 1099 3826; x_wconf 85' lang='lat' dir='ltr'><strong>bsed</strong></span> <span class='ocrx_word' id='word_1_377' title='bbox 1120 3771 1239 3839; x_wconf 90' lang='lat' dir='ltr'><strong>librata,</strong></span> <span class='ocrx_word' id='word_1_378' title='bbox 1272 3790 1336 3827; x_wconf 89' lang='lat' dir='ltr'><strong>cum</strong></span> 
     </span>
     <span class='ocr_line' id='line_1_40' title="bbox 291 3849 1338 3929; baseline 0.002 -22"><span class='ocrx_word' id='word_1_379' title='bbox 291 3850 378 3910; x_wconf 78' lang='lat' dir='ltr'><strong>aderit</strong></span> <span class='ocrx_word' id='word_1_380' title='bbox 399 3849 521 3929; x_wconf 75' lang='lat' dir='ltr'><strong>(interp.)</strong></span> <span class='ocrx_word' id='word_1_381' title='bbox 563 3856 646 3910; x_wconf 87' lang='lat' dir='ltr'><strong>8eae</strong></span> <span class='ocrx_word' id='word_1_382' title='bbox 667 3852 721 3925; x_wconf 93' lang='lat' dir='ltr'><strong>(B)</strong></span> <span class='ocrx_word' id='word_1_383' title='bbox 771 3857 805 3908; x_wconf 83' lang='lat' dir='ltr'><strong>lb</strong></span> <span class='ocrx_word' id='word_1_384' title='bbox 829 3851 979 3926; x_wconf 87' lang='lat' dir='ltr'><strong>Cyatidem</strong></span> <span class='ocrx_word' id='word_1_385' title='bbox 1003 3853 1051 3924; x_wconf 82' lang='lat' dir='ltr'><strong>(ll.</strong></span> <span class='ocrx_word' id='word_1_386' title='bbox 1077 3852 1224 3923; x_wconf 79' lang='lat' dir='ltr'><strong>Qaoert&#39;tar,</strong></span> <span class='ocrx_word' id='word_1_387' title='bbox 1246 3863 1338 3909; x_wconf 86' lang='lat' dir='ltr'><strong>atram</strong></span> 
     </span>
     <span class='ocr_line' id='line_1_41' title="bbox 292 3931 1335 4010; baseline -0.003 -16"><span class='ocrx_word' id='word_1_388' title='bbox 292 3931 463 3994; x_wconf 58' lang='lat' dir='ltr'><strong>&amp;occidente</strong></span> <span class='ocrx_word' id='word_1_389' title='bbox 494 3956 589 3993; x_wconf 82' lang='lat' dir='ltr'><strong>nomen</strong></span> <span class='ocrx_word' id='word_1_390' title='bbox 620 3954 675 3992; x_wconf 79' lang='lat' dir='ltr'><strong>are</strong></span> <span class='ocrx_word' id='word_1_391' title='bbox 704 3936 829 3991; x_wconf 85' lang='lat' dir='ltr'><strong>babuerit</strong></span> <span class='ocrx_word' id='word_1_392' title='bbox 854 3954 892 3991; x_wconf 85' lang='lat' dir='ltr'><strong>aa</strong></span> <span class='ocrx_word' id='word_1_393' title='bbox 920 3936 960 3991; x_wconf 87' lang='lat' dir='ltr'><strong>ad</strong></span> <span class='ocrx_word' id='word_1_394' title='bbox 986 3938 1113 3992; x_wconf 84' lang='lat' dir='ltr'><strong>orientem</strong></span> <span class='ocrx_word' id='word_1_395' title='bbox 1142 3954 1222 3993; x_wconf 86' lang='lat' dir='ltr'><strong>versa</strong></span> <span class='ocrx_word' id='word_1_396' title='bbox 1236 3939 1335 4010; x_wconf 76' lang='lat' dir='ltr'><strong>faerit,</strong></span> 
     </span>
     <span class='ocr_line' id='line_1_42' title="bbox 293 4016 1335 4092; baseline 0.001 -19"><span class='ocrx_word' id='word_1_397' title='bbox 293 4016 342 4074; x_wconf 74' lang='lat' dir='ltr'><strong>ute</strong></span> <span class='ocrx_word' id='word_1_398' title='bbox 361 4022 422 4077; x_wconf 83' lang='lat' dir='ltr'><strong>inde</strong></span> <span class='ocrx_word' id='word_1_399' title='bbox 444 4023 471 4076; x_wconf 81' lang='lat' dir='ltr'><strong>itt</strong></span> <span class='ocrx_word' id='word_1_400' title='bbox 492 4040 569 4076; x_wconf 81' lang='lat' dir='ltr'><strong>mare</strong></span> <span class='ocrx_word' id='word_1_401' title='bbox 591 4020 693 4075; x_wconf 78' lang='lat' dir='ltr'><strong>devera</strong></span> <span class='ocrx_word' id='word_1_402' title='bbox 704 4041 714 4082; x_wconf 88' lang='lat'><strong><em>;</em></strong></span> <span class='ocrx_word' id='word_1_403' title='bbox 736 4036 783 4074; x_wconf 86' lang='lat' dir='ltr'><strong>nec</strong></span> <span class='ocrx_word' id='word_1_404' title='bbox 797 4018 894 4086; x_wconf 82' lang='lat' dir='ltr'><strong>obstat,</strong></span> <span class='ocrx_word' id='word_1_405' title='bbox 918 4019 993 4092; x_wconf 83' lang='lat' dir='ltr'><strong>qaod</strong></span> <span class='ocrx_word' id='word_1_406' title='bbox 1007 4020 1047 4075; x_wconf 88' lang='lat' dir='ltr'><strong>ad</strong></span> <span class='ocrx_word' id='word_1_407' title='bbox 1065 4038 1141 4076; x_wconf 80' lang='lat' dir='ltr'><strong>utare</strong></span> <span class='ocrx_word' id='word_1_408' title='bbox 1161 4022 1335 4075; x_wconf 79' lang='lat' dir='ltr'><strong>munitionum</strong></span> 
     </span>
     <span class='ocr_line' id='line_1_43' title="bbox 293 4095 1335 4180; baseline -0.002 -21"><span class='ocrx_word' id='word_1_409' title='bbox 293 4098 394 4175; x_wconf 64' lang='lat' dir='ltr'><strong>talanta</strong></span> <span class='ocrx_word' id='word_1_410' title='bbox 414 4113 530 4177; x_wconf 75' lang='lat' dir='ltr'><strong>repertae</strong></span> <span class='ocrx_word' id='word_1_411' title='bbox 550 4102 637 4173; x_wconf 80' lang='lat' dir='ltr'><strong>sant)</strong></span> <span class='ocrx_word' id='word_1_412' title='bbox 689 4098 781 4171; x_wconf 89' lang='lat' dir='ltr'>XXX,</span> <span class='ocrx_word' id='word_1_413' title='bbox 808 4106 816 4156; x_wconf 96' lang='grc'>1</span> <span class='ocrx_word' id='word_1_414' title='bbox 845 4095 972 4180; x_wconf 78' lang='lat' dir='ltr'><strong>[Samae]</strong></span> <span class='ocrx_word' id='word_1_415' title='bbox 996 4104 1048 4174; x_wconf 87' lang='lat' dir='ltr'><strong>(ll)</strong></span> <span class='ocrx_word' id='word_1_416' title='bbox 1099 4102 1199 4159; x_wconf 80' lang='lat' dir='ltr'><strong>blare</strong></span> <span class='ocrx_word' id='word_1_417' title='bbox 1220 4102 1270 4174; x_wconf 93' lang='lat' dir='ltr'><strong>(B)</strong></span> <span class='ocrx_word' id='word_1_418' title='bbox 1317 4106 1335 4157; x_wconf 80' lang='lat'><strong>6</strong></span> 
     </span>
     <span class='ocr_line' id='line_1_44' title="bbox 292 4184 1336 4261; baseline 0.002 -22"><span class='ocrx_word' id='word_1_419' title='bbox 292 4186 395 4243; x_wconf 67' lang='lat' dir='ltr'><strong>«senis</strong></span> <span class='ocrx_word' id='word_1_420' title='bbox 416 4189 558 4261; x_wconf 83' lang='lat' dir='ltr'><strong>uicisque,</strong></span> <span class='ocrx_word' id='word_1_421' title='bbox 580 4189 630 4260; x_wconf 84' lang='lat' dir='ltr'><strong>qai</strong></span> <span class='ocrx_word' id='word_1_422' title='bbox 650 4203 750 4240; x_wconf 87' lang='lat' dir='ltr'><strong>omnes</strong></span> <span class='ocrx_word' id='word_1_423' title='bbox 772 4184 899 4257; x_wconf 87' lang='lat' dir='ltr'><strong>adempti</strong></span> <span class='ocrx_word' id='word_1_424' title='bbox 922 4196 1004 4241; x_wconf 87' lang='lat' dir='ltr'><strong>erant</strong></span> <span class='ocrx_word' id='word_1_425' title='bbox 1025 4188 1074 4259; x_wconf 83' lang='lat' dir='ltr'><strong>(M.</strong></span> <span class='ocrx_word' id='word_1_426' title='bbox 1105 4186 1134 4240; x_wconf 90' lang='lat' dir='ltr'><em>B</em></span> <span class='ocrx_word' id='word_1_427' title='bbox 1155 4185 1336 4259; x_wconf 87' lang='lat' dir='ltr'><strong>castellisque</strong></span> 
     </span>
     <span class='ocr_line' id='line_1_45' title="bbox 295 4268 1336 4345; baseline 0.001 -22"><span class='ocrx_word' id='word_1_428' title='bbox 295 4274 372 4327; x_wconf 64' lang='lat' dir='ltr'><strong>maes</strong></span> <span class='ocrx_word' id='word_1_429' title='bbox 393 4270 536 4345; x_wconf 73' lang='lat' dir='ltr'><strong>ademptas</strong></span> <span class='ocrx_word' id='word_1_430' title='bbox 559 4278 651 4327; x_wconf 87' lang='lat' dir='ltr'><strong>erant.</strong></span> <span class='ocrx_word' id='word_1_431' title='bbox 704 4269 791 4324; x_wconf 84' lang='lat' dir='ltr'><strong>Ceteri</strong></span> <span class='ocrx_word' id='word_1_432' title='bbox 811 4268 890 4324; x_wconf 80' lang='lat' dir='ltr'><strong>codd.</strong></span> <span class='ocrx_word' id='word_1_433' title='bbox 906 4269 969 4340; x_wconf 84' lang='lat' dir='ltr'><strong>sere</strong></span> <span class='ocrx_word' id='word_1_434' title='bbox 996 4269 1121 4325; x_wconf 83' lang='lat' dir='ltr'><strong>castellis</strong></span> <span class='ocrx_word' id='word_1_435' title='bbox 1152 4287 1215 4344; x_wconf 86' lang='lat' dir='ltr'><strong>quae</strong></span> <span class='ocrx_word' id='word_1_436' title='bbox 1237 4287 1336 4325; x_wconf 87' lang='lat' dir='ltr'><strong>omnes</strong></span> 
     </span>
    </p>
   </div>
   <div class='ocr_carea' id='block_1_3' title="bbox 0 0 1746 5025">
    <p class='ocr_par' dir='ltr' id='par_1_3' title="bbox 0 0 1746 5025">
     <span class='ocr_line' id='line_1_46' title="bbox 0 0 1746 5025; baseline 0 1"><span class='ocrx_word' id='word_1_437' title='bbox 0 0 1746 5025; x_wconf 95' lang='lat' dir='ltr'><strong> </strong></span> 
     </span>
    </p>
   </div>
  </div>
 </body>
</html>
