3484 5025
467 512 485 569 2
734 507 813 557 Liber
829 504 930 555 xxxt.
966 505 1011 569 (A.
1024 520 1048 554 u.
1062 520 1085 558 o.
1099 504 1173 567 5⁶8.)

376 697 412 751 10
426 692 552 767 regionis
584 691 711 748 eiusdem
736 688 832 745 socios
858 706 975 763 pacem,
1008 695 1068 742 tom
1090 686 1127 741 ob
1150 685 1344 742 auxiliacum
1366 684 1491 759 pecunia

426 815 519 870 nuper
539 795 568 850 in
585 793 718 851 Africam
735 792 825 848 missa
843 790 1005 848 Hannibali
1020 790 1185 863 Poenisque,
1207 806 1306 865 preces
1328 787 1490 845 Athenien·

427 901 511 969 sium,
534 917 617 973 quos,
639 916 711 973 agro
724 904 906 971 pervastato,
922 896 952 951 in
965 895 1065 950 urbem
1077 894 1265 968 compulerat,
1289 892 1492 949 excitaverunt

331 1002 354 1069 2
429 1004 466 1060 ad
478 1003 676 1060 renovandum
689 1001 804 1057 bellum.
828 1000 890 1058 Sub
902 999 978 1055 idem
990 997 1050 1054 fere
1060 1006 1172 1072 tempus
1185 1006 1212 1054 et
1224 998 1260 1053 ab
1267 997 1371 1053 Attalo
1382 1015 1453 1070 rege
1464 1006 1492 1053 et

427 1107 549 1165 Rhodiis
570 1107 659 1181 legati
684 1113 826 1161 venerunt
848 1102 1022 1171 nuntiantes,
1043 1101 1125 1158 Asia
1136 1119 1252 1173 quoque
1269 1100 1401 1157 civitates
1412 1101 1491 1158 solli'·

396 1212 518 1271 2citari.
557 1210 614 1266 His
635 1209 828 1283 legationibus
852 1220 1022 1282 responsum
1045 1213 1097 1274 est,
1119 1223 1195 1260 curse
1217 1222 1280 1260 eam
1296 1224 1358 1262 rem
1378 1205 1491 1262 senatui

427 1315 504 1383 fore,
552 1314 725 1369 consultatio
755 1313 791 1369 de
814 1310 1005 1368 Macedonico
1032 1310 1108 1365 bello
1138 1308 1251 1383 integra
1283 1311 1320 1367 ad
1348 1309 1491 1379 consules,

397 1419 478 1494 3qui
499 1428 567 1474 tunc
587 1418 615 1473 in
639 1417 795 1491 provinciis
824 1423 920 1484 erant,
952 1414 1060 1470 reiecta
1081 1422 1132 1469 est.
1181 1415 1301 1470 Interim
1328 1414 1365 1470 ad
1391 1415 1491 1471 Ptole·

427 1541 531 1579 maeurn
547 1521 671 1596 AEgypti
696 1539 792 1594 regern
815 1518 905 1593 legati
928 1527 985 1574 tres
1007 1517 1097 1587 missi,
1118 1516 1151 1575 C.
1176 1516 1314 1575 Claudius
1335 1520 1427 1588 Nero,
1449 1520 1491 1575 M.

345 1597 355 1609 ο
427 1626 566 1683 AEmilius
589 1625 736 1698 Lepidus,
769 1625 805 1683 P.
838 1623 1026 1697 Sempronius
1054 1622 1233 1691 Tuditanus,
1263 1630 1295 1678 ut
1326 1624 1492 1679 nuntiarent

428 1702 536 1788 victum
558 1726 753 1784 Hannibalem
784 1728 965 1801 Poenosque,
993 1735 1023 1783 et
1042 1723 1152 1801 gratias
1175 1736 1294 1799 agerent
1314 1727 1390 1802 regi,
1413 1728 1493 1800 quod

427 1835 457 1892 in
478 1835 565 1891 rebus
587 1832 692 1899 dubiis,
714 1849 803 1903 quum
828 1830 942 1887 finitimi
963 1831 1050 1886 etiam
1072 1830 1143 1887 socii
1153 1832 1302 1887 Romanos
1317 1831 1492 1902 desererent,

397 1937 457 1997 lin
479 1938 536 1992 fide
557 1935 724 2004 mansisset,
747 1943 776 1989 et
798 1943 938 2009 peterent,
960 1941 1000 2004 ut,
1022 1934 1047 1990 si
1068 1935 1160 1990 coacti
1180 1934 1291 1991 iniuriis
1312 1935 1419 1992 bellum
1438 1936 1492 1992 ad-

427 2058 530 2098 versus
551 2039 720 2113 Philippum
742 2040 953 2113 suscepissent,
981 2038 1133 2113 pristinum
1156 2038 1282 2096 animani
1304 2058 1376 2115 erga
1395 2059 1491 2116 popu·

428 2147 486 2203 lom
508 2147 674 2203 Romanum
699 2151 894 2204 conservaret.

399 2257 416 2311 5
512 2248 625 2305 Eodem
646 2247 708 2305 fere
732 2257 863 2322 tempore
886 2249 921 2307 P.
942 2248 1040 2306 AElius
1068 2249 1170 2306 consul
1196 2249 1226 2305 in
1254 2248 1368 2320 Gallia,
1403 2268 1491 2325 quum

430 2353 559 2411 audisset
585 2372 604 2409 a
632 2352 713 2410 Boiis
743 2362 811 2409 ante
838 2370 922 2408 suum
953 2351 1108 2409 adventum
1138 2352 1314 2410 incursiones
1344 2353 1375 2410 in
1405 2371 1491 2428 agros

428 2458 573 2533 sociorum
608 2455 717 2527 factas,
752 2457 866 2513 duabus
895 2456 1056 2532 legionibus
1086 2456 1232 2515 subitariis
1263 2458 1403 2515 tumultus
1430 2458 1491 2516 eius

399 2571 520 2625 ueausa
540 2561 655 2636 scriptis
676 2561 840 2634 additisque
864 2561 903 2618 ad
925 2579 974 2618 eas
997 2570 1134 2636 quattuor
1162 2562 1328 2619 cohortibus
1350 2562 1387 2618 de
1409 2582 1491 2620 exer·

430 2666 487 2723 citu
509 2685 572 2737 suo,
596 2664 630 2722 0.
653 2665 793 2738 Ampium
809 2665 978 2741 prefectum
999 2666 1108 2724 socium
1129 2666 1184 2722 hac
1195 2666 1382 2747 tumultuaria
1404 2685 1491 2725 manu

429 2790 482 2846 per
503 2771 667 2838 Umbriam,
693 2787 751 2842 qua
774 2770 881 2827 tribum
905 2769 1053 2844 Sapiniam
1075 2778 1197 2840 vocant,
1224 2788 1326 2844 agrum
1350 2773 1491 2830 Boiorum

428 2875 568 2931 invadere
588 2873 686 2941 iussit;
717 2873 781 2947 ipse
802 2874 905 2931 eodem
928 2885 1028 2949 aperto
1056 2875 1157 2932 itinere
1186 2893 1238 2948 per
1259 2884 1371 2931 montes
1399 2875 1492 2936 duxit.

400 2978 556 3050 7Arnpius
577 2978 725 3051 ingressus
745 2977 873 3034 hostium
895 2979 967 3034 fines
987 2979 1080 3052 primo
1100 2979 1302 3053 populationes
1323 2978 1395 3035 satis
1424 2997 1491 3054 pro-

429 3098 513 3153 spere
536 3097 570 3135 ao
592 3088 655 3136 tuto
677 3080 760 3152 fecit3
795 3082 907 3139 delecto
928 3082 1031 3139 deinde
1051 3083 1089 3139 ad
1116 3092 1242 3140 castrum
1263 3083 1400 3140 Mutilum
1421 3083 1491 3139 satis

429 3184 534 3240 idoneo
558 3185 634 3253 loco,
657 3187 694 3242 ad
716 3187 891 3243 demetenda
911 3186 1055 3243 frumenta
1074 3183 1144 3261 (iam
1167 3188 1242 3244 enim
1264 3198 1386 3245 maturae
1410 3197 1492 3246 erant

399 3288 555 3362 8segetes)
576 3286 734 3362 profectus,
763 3308 859 3363 neque
880 3289 1032 3364 explorato
1055 3290 1132 3347 cirea
1152 3310 1205 3347 nec
1226 3291 1400 3350 stationibus
1421 3293 1491 3350 satis

429 3392 536 3462 firmis,
570 3410 634 3467 quae
665 3401 784 3448 armatae
805 3393 930 3451 inermes
951 3403 1039 3467 atque
1061 3394 1142 3469 operi
1169 3394 1294 3452 intentos
1321 3405 1491 3466 tutarentur,

429 3495 542 3569 positis,
564 3495 724 3570 improviso
752 3498 865 3572 impetn
887 3496 1040 3555 Gallorum
1070 3516 1134 3555 cum
1161 3497 1420 3559 frumentatoribus
1449 3511 1492 3558 est

399 3599 652 3657 9cireumventus.
700 3602 774 3668 Inde
798 3620 893 3676 pavor
916 3601 1045 3676 iirgaque
1067 3601 1153 3659 etiam
1176 3612 1304 3660 armatos
1325 3605 1410 3680 cepit.
1442 3606 1491 3664 Ad

430 3713 541 3778 septem
563 3704 654 3761 millia
674 3707 822 3763 hominurn
848 3707 950 3781 palata
977 3726 1031 3782 per
1059 3717 1170 3783 segetes
1199 3717 1264 3764 sunt
1297 3727 1387 3782 caesa,
1418 3711 1493 3768 inter

382 3811 417 3864 lb
432 3826 505 3881 quos
526 3810 589 3884 ipse
611 3807 645 3866 Ο.
673 3811 798 3885 Ampius
820 3810 985 3885 praefectus3
1013 3812 1100 3868 ceteri
1125 3812 1155 3868 in
1182 3822 1279 3870 castra
1307 3823 1386 3871 metu
1413 3833 1492 3872 com·

430 3914 515 3986 pulsi.
563 3914 636 3970 Inde
658 3913 719 3970 sine
740 3923 819 3970 certo
842 3913 915 3972 duce
941 3933 1083 3973 consensu
1106 3916 1222 3974 militari
1243 3918 1379 3992 proxima
1397 3927 1494 3986 nocte,

431 4017 531 4073 relicta
553 4035 660 4091 magna
680 4026 765 4089 parte
788 4037 885 4075 rerum
911 4038 1045 4088 suerum,
1075 4020 1113 4077 ad
1141 4020 1287 4079 consulem
1318 4041 1371 4096 per
1401 4023 1495 4080 saltus

383 4124 413 4177 11
431 4140 523 4196 prope
537 4121 631 4177 invios
652 4139 818 4195 pervenere.
855 4123 922 4195 Qui,
942 4123 998 4180 nisi
1019 4125 1096 4198 quod
1118 4125 1274 4199 populatus
1296 4135 1341 4183 est
1354 4127 1495 4185 Boiorum
