3484 5025
490 501 548 557 176
742 494 822 544 Liber
837 492 965 543 XXXIV.
1002 492 1212 557 (Luem.)

445 680 597 756 coeperint,
625 679 678 737 sed
702 696 740 734 ne
766 677 815 734 diu
841 676 956 750 quidem
983 676 1157 751 possedmse.
1199 676 1261 734 Per
1282 675 1477 752 opportunitas

443 802 519 841 nune
545 783 627 851 illos,
655 800 731 839 nuuc
751 798 835 855 reges
855 780 1050 838 Numidarum
1073 798 1229 857 usurpasse
1250 781 1312 852 ius,
1341 797 1478 856 semperque

444 905 532 965 penes
565 906 631 944 eum
662 886 875 962 possessionem
907 883 1011 956 fuisse,
1055 886 1105 960 qui
1138 886 1204 962 plus
1240 886 1330 944 armis
1360 883 1476 961 potuim

395 1001 430 1056 14
444 991 534 1051 Cuius
570 990 747 1049 condicionis
786 1008 833 1046 res
876 986 978 1061 fuerit,
1021 989 1192 1066 priusquam
1227 992 1329 1048 hostes
1371 987 1479 1049 Romam

444 1095 714 1171 Carthaginienses,
750 1094 846 1151 socius
881 1103 969 1168 atque
997 1095 1107 1151 amicus
1134 1113 1188 1152 rex
1209 1095 1402 1154 Numidarum
1419 1103 1478 1165 ens,

443 1202 504 1258 eius
525 1201 653 1257 sinerent
674 1217 747 1269 esse,
768 1217 822 1256 nec
835 1218 868 1258 se
884 1200 1109 1274 interponerent,
1131 1201 1317 1274 quominus,
1339 1201 1387 1275 qui
1399 1207 1477 1274 posen

394 1316 429 1369 15
442 1315 561 1363 teneret.
604 1305 786 1381 Responderi
807 1304 912 1379 legatis
933 1304 1197 1380 utriusquepartis
1218 1306 1344 1382 placuit,
1370 1304 1476 1362 misna

441 1411 524 1467 sein
545 1409 695 1480 Africum,
725 1409 776 1484 qui
806 1408 882 1465 inter
905 1409 1044 1484 populum
1067 1408 1341 1486 Carthaginiensem
1361 1419 1389 1467 et
1405 1423 1476 1484 regu

394 1517 471 1580 lein
503 1534 535 1572 re
566 1514 702 1590 praesenti
728 1495 941 1588 disceptarent
991 1514 1076 1572 Missi
1103 1515 1140 1576 P.
1170 1515 1270 1592 Scipio
1296 1514 1442 1574 Africanus

442 1618 475 1678 C.
485 1618 637 1678 Cornelius
650 1617 796 1693 Cethegus
817 1628 846 1675 et
861 1618 906 1676 M.
920 1619 1064 1676 Minucius
1074 1610 1178 1691 Rufus,
1200 1621 1303 1679 audite
1322 1622 1478 1696 inopem

392 1735 426 1789 17
440 1744 482 1795 re,
503 1724 603 1781 omnia
622 1741 773 1798 suspense,
794 1732 897 1779 neutro
918 1723 1065 1782 inclinetis
1087 1726 1247 1797 sententiis,
1267 1726 1414 1801 reliquere.

441 1841 535 1886 utrum
559 1846 612 1886 sua
629 1836 737 1904 sponte
758 1826 896 1897 fecerint,
918 1847 956 1886 en
978 1830 1048 1903 quie
1072 1832 1243 1888 mandatum
1264 1831 1309 1888 itn
1328 1828 1421 1896 fuerit,

441 1944 500 1990 tum
522 1943 632 1991 certum
655 1942 713 2004 est,
741 1951 829 2007 quum
852 1932 967 1990 videtur
991 1936 1117 2011 tempori
1138 1945 1239 2012 aptum
1261 1934 1366 2006 fuisse,
1393 1933 1400 1947 ⁸

391 2046 427 2104 18
440 2038 597 2095 certamine
629 2054 680 2094 eos
711 2038 848 2111 relinqui;
882 2056 950 2095 nam
976 2040 1007 2097 ni
1031 2040 1074 2097 ita
1102 2050 1194 2112 asset,
1227 2058 1303 2098 uuus
1332 2037 1421 2115 Scipio

439 2142 542 2200 notitia
562 2142 605 2199 rei
627 2142 674 2199 vel
696 2143 884 2214 auctoritate,
906 2143 948 2200 ita
969 2145 1007 2201 de
1028 2146 1157 2220 utrisque
1178 2146 1314 2219 marim,
1335 2143 1410 2204 finire

438 2247 676 2323 disceptationem
698 2247 849 2323 potuisset.
