3484 5025
490 510 528 565 26
748 506 827 557 Liber
842 507 945 561 XXXI.
983 509 1030 572 (A.
1043 522 1069 561 u.
1082 522 1106 559 c.
1121 509 1194 571 sot.)

447 711 519 768 pace
540 691 661 749 triennio
684 702 750 748 ante
763 693 939 764 decrevistis,
960 693 1061 751 iisdem
1073 693 1303 769 improbant-ibus
1319 711 1383 749 eam
1400 710 1500 768 pacem

447 799 602 866 Romanis,
631 799 680 872 qui
715 816 791 855 nunc
821 807 937 874 pactam
967 808 995 855 et
1024 798 1214 873 compositam
1242 799 1361 856 turbare
1392 797 1500 855 volunt

448 904 483 960 In
507 922 566 978 qua
592 904 801 962 consultatione
828 903 900 960 nihil
921 904 1038 962 fortuna
1059 904 1197 975 mutavit,
1222 922 1273 961 cur
1303 921 1357 961 vos
1378 904 1501 975 mutetis,

446 1028 504 1066 non
525 1008 640 1067 video.“

352 1104 400 1173 30
529 1115 691 1173 Secundum
715 1115 902 1181 Macedonas,
933 1115 1002 1189 ipsis
1034 1115 1174 1172 Romanis
1207 1116 1248 1172 ita
1280 1113 1500 1174 concedentibus

446 1220 675 1296 iubentibusque,
691 1220 891 1287 Athenienses,
907 1222 957 1295 qui
970 1220 1048 1278 foede
1059 1219 1137 1296 passi
1151 1221 1252 1278 iustius
1262 1221 1291 1277 iu
1303 1219 1500 1278 crudelitatem

417 1322 644 1400 lseevitiamque
674 1328 750 1402 regis
777 1326 874 1383 invehi
895 1336 1037 1401 poterant,
1063 1326 1218 1384 introducti
1238 1336 1313 1386 sunt.
1357 1324 1499 1400 Deplora-

447 1441 550 1488 verunt
589 1434 779 1490 vastationem
813 1432 1087 1508 populationemque
1122 1432 1312 1489 miserabilem
1350 1447 1499 1507 agrorum

447 1557 540 1613 neque
560 1538 590 1622 id
616 1556 647 1596 se
669 1540 765 1614 queri,
793 1539 870 1613 quod
896 1538 1012 1595 hostilia
1040 1538 1076 1594 ab
1097 1539 1181 1594 hoste
1203 1538 1281 1612 pessi
1305 1537 1419 1606 forent3
1440 1554 1498 1594 esse

416 1641 522 1700 3enim
545 1644 675 1718 quaedam
698 1646 765 1702 belli
787 1646 859 1714 ium,
885 1662 949 1718 quae
970 1653 1002 1699 ut
1022 1642 1127 1711 facere,
1148 1644 1190 1701 ita
1210 1643 1272 1719 pati
1293 1643 1330 1699 sit
1351 1642 1417 1712 ias;
1438 1651 1499 1699 satu

446 1750 537 1818 exuri,
566 1750 640 1807 dirui
669 1760 754 1820 tecta,
782 1750 896 1826 praedas
923 1750 1070 1807 hominum
1094 1767 1289 1825 pecorumque
1311 1749 1374 1823 agi,
1398 1748 1499 1806 misera

415 1856 538 1930 imagis
566 1875 652 1931 quam
682 1856 800 1931 indigna
829 1855 949 1930 patienti
977 1872 1052 1924 esse;
1094 1874 1193 1912 verum
1232 1855 1378 1912 enimvero
1407 1853 1437 1910 id
1470 1871 1498 1912 se

446 1962 541 2035 queri,
569 1962 708 2037 quodie,
732 1962 781 2035 qui
809 1962 957 2018 Romanos
987 1959 1162 2035 alienigenas
1188 1970 1216 2017 et
1243 1961 1387 2019 barbaros
1408 1969 1498 2031 vocet,

445 2068 519 2124 adeo
541 2068 638 2124 omnia
659 2067 744 2124 simul
771 2066 869 2122 divina
893 2067 1076 2139 humanaque
1103 2068 1167 2124 iura
1188 2067 1331 2142 polluerit,
1353 2076 1385 2124 ut
1406 2067 1498 2143 priore

444 2172 631 2248 populatione
661 2193 725 2230 cum
752 2172 870 2229 infernis
893 2172 968 2240 deis,
1009 2173 1135 2229 secunda
1159 2192 1221 2230 cum
1252 2174 1364 2248 superis
1395 2174 1495 2232 bellum

415 2278 585 2337 bnefarium
607 2281 737 2355 gesserit.
782 2278 889 2337 Omnia
911 2277 1043 2353 sepulcra
1065 2288 1306 2354 monumentaque
1328 2280 1425 2337 diruta
1440 2295 1496 2338 em

444 2385 473 2442 in
495 2385 599 2442 finibus
621 2386 688 2456 suis,
710 2386 837 2442 omnium
859 2384 982 2441 nudatos
1004 2402 1112 2455 manes,
1134 2384 1238 2442 nullius
1260 2395 1418 2443 osse-terra
1433 2385 1494 2463 tegi.

414 2489 578 2549 6Delubra
598 2492 652 2549 sibi
673 2491 770 2560 fuisse,
793 2509 856 2566 quae
879 2490 1024 2564 quondam
1046 2490 1174 2566 pagatim
1197 2491 1361 2549 habitantes
1383 2492 1414 2550 iu
1433 2509 1492 2570 per·

446 2598 490 2654 vis
511 2598 567 2654 illis
589 2596 713 2655 castellis
733 2597 862 2671 vicisque
884 2607 1053 2654 consecrata
1073 2616 1110 2654 ue
1127 2597 1155 2653 iu
1175 2617 1260 2654 unum
1273 2599 1372 2656 urbem
1387 2599 1493 2679 quidem

416 2704 600 2761 lcontributi
632 2705 756 2760 maiores
784 2703 829 2759 sui
860 2703 973 2759 deserta
1000 2703 1175 2776 reliquerint.
1231 2702 1317 2760 Circa
1346 2723 1383 2761 ea
1404 2703 1493 2762 omnis

445 2810 553 2884 templa
598 2810 764 2885 Philippum
809 2808 928 2865 infestos
972 2806 1178 2867 circumtulisse
1222 2807 1317 2881 ignes3
1364 2819 1489 2881 semusta

444 2925 578 2973 truncata
607 2915 761 2972 simulacra
783 2915 866 2971 deum
893 2915 967 2972 inter
991 2922 1152 2990 prostratos
1175 2914 1269 2970 iacere
1297 2925 1396 2990 postes
1428 2927 1486 2974 tem·

414 3019 431 3074 8
443 3022 567 3096 plorum.
605 3004 726 3094 Qualem
749 3028 855 3077 terram
878 3021 1006 3078 Atticam
1029 3021 1137 3088 fecerit,
1159 3029 1329 3077 exornatam
1354 3022 1485 3096 quondan
1511 3040 1514 3045 ·

444 3125 675 3201 opulentamque,
696 3125 783 3183 telem
806 3145 880 3196 eum,
902 3127 927 3182 si
947 3126 1041 3195 liceat,
1062 3125 1204 3184 AEtoliam
1217 3125 1419 3202 Graeciamque
1435 3144 1485 3185 om·

414 3231 509 3290 duem
531 3232 683 3290 facturum.
717 3232 806 3291 Urbis
828 3251 944 3306 quoque
965 3251 1024 3289 suae
1045 3231 1165 3289 similem
1188 3231 1399 3291 deformitatem
1420 3233 1514 3291 fun-‘-

443 3359 505 3397 ram
530 3339 636 3410 fuisse,
667 3338 721 3395 nisi
750 3337 875 3396 Romani
902 3338 1108 3395 subvenissent.
1158 3338 1268 3395 Eodem
1297 3338 1372 3396 enim
1392 3339 1483 3398 scelere

443 3447 542 3503 urbem
575 3446 702 3501 colentes
732 3445 801 3501 deos
834 3445 1042 3520 praesidemque
1076 3443 1151 3500 arcis
1179 3444 1340 3501 Minervam
1369 3446 1482 3522 pet-itum,

444 3553 544 3608 eodem
567 3551 701 3609 Eleusine
722 3548 835 3608 Cereris
857 3550 1004 3625 templum,
1037 3550 1137 3606 eodem
1159 3550 1245 3608 Piraei
1267 3551 1367 3608 Iovem
1389 3553 1481 3610 Miner·
1525 3606 1528 3613 .

396 3654 431 3709 10
444 3676 584 3732 rumque3
606 3660 656 3715 sed
679 3659 715 3714 ab
738 3676 835 3713 eorum
855 3675 913 3712 non
936 3657 1049 3732 templis
1071 3656 1167 3723 modo,
1189 3656 1337 3713 sedetiam
1356 3658 1481 3715 moenibus
1524 3632 1528 3677 Ἰ

443 3762 472 3817 vi
495 3773 582 3836 atque
604 3764 692 3820 armis
714 3764 859 3839 repulsum
882 3761 911 3818 in
934 3781 968 3818 ea
979 3761 1108 3832 delubra,
1131 3781 1194 3837 quae
1208 3762 1271 3819 sola
1285 3762 1422 3839 religione
1433 3772 1481 3821 mu
1523 3734 1528 3825 l

396 3867 427 3921 ll
443 3866 557 3937 fuerint,
579 3870 704 3930 saevisse.
749 3870 854 3941 Ituque
876 3887 906 3925 se
928 3886 1012 3925 orare
1035 3878 1121 3941 atque
1143 3868 1296 3927 obsecrare
1316 3871 1441 3942 AEtolos‚
1458 3875 1482 3925 ut
1526 3890 1528 3909 =

443 3975 563 4031 miseriti
589 3976 818 4044 Atheniensium,
848 3975 967 4032 ducibus
995 3975 1289 4041 diis‘immortalibus,
1311 3974 1413 4034 deinde
1434 3978 1481 4035 Ro·

442 4082 544 4152 manis,
567 4081 616 4156 qui
628 4082 781 4137 secundum
796 4081 865 4137 deos
878 4081 1030 4156 plurimum
1046 4089 1173 4155 possent,
1194 4079 1298 4138 bellum
1310 4084 1480 4160 susciperent

347 4182 387 4252 31
525 4190 601 4245 Tum
614 4189 762 4244 Romanus
783 4187 908 4262 legatus:
930 4187 1055 4255 „Totam
1068 4187 1205 4243 orationis
1217 4205 1288 4243 mea
1298 4186 1421 4248 formam
1430 4189 1482 4248 Ma·

412 4292 565 4351 lcedones
587 4293 721 4367 primum,
749 4293 852 4350 deinde
873 4293 1065 4350 Athenienses
1087 4302 1241 4350 mutarunt.
1282 4294 1362 4352 Nam
1384 4305 1412 4353 et
1432 4296 1483 4354 Ma·
