3484 5025
473 536 507 591 12
729 532 807 581 Liber
816 530 942 580 XXXVI.
981 530 1026 593 (A.
1038 545 1064 580 ιι.
1078 543 1101 579 e.
1115 530 1189 594 568.)

378 724 413 775 ltt
427 719 634 794 Cephaleniem
664 729 741 786 erat,
772 729 834 775 arte
867 735 917 773 cos
949 727 993 773 est
1025 734 1191 791 aggressus.
1240 718 1315 774 Nem
1343 713 1444 789 qnnu'n

427 824 548 881 concilio
583 824 720 892 dixisset,
762 823 868 878 tuende
909 822 1121 879 mediterranea
1154 822 1327 880 Acarnaniae
1360 825 1446 878 essee

427 931 570 998 omnibus,
585 930 634 1003 qui
650 927 860 996 amusement,
876 928 1038 983 exeundum
1051 928 1089 984 ed
1099 928 1269 985 Medionem
1283 937 1310 984 et
1319 928 1447 1002 Thyrmis,

378 1045 410 1097 ιι
427 1053 463 1091 ne
488 1036 525 1090 ab
548 1034 696 1091 Antiocho
718 1043 768 1090 eut
789 1031 899 1090 AEtolis
921 1041 1149 1107 occuparentur,
1170 1032 1263 1104 fuero,
1287 1032 1336 1107 qui
1354 1032 1449 1096 dotted

427 1139 497 1195 nihil
510 1139 632 1196 attinere
643 1156 743 1195 omnes
755 1137 931 1194 tumultuose
946 1138 1094 1207 concitari,
1111 1138 1184 1196 setis
1196 1156 1262 1196 esee
1273 1137 1449 1212 quingentum
1487 1116 1491 1168 3

427 1244 574 1302 hominum
590 1242 764 1317 presidium.
794 1243 869 1299 Eem
882 1242 1059 1300 iuventutem
1070 1251 1183 1313 nactus,
1201 1242 1337 1301 trecentis
1347 1240 1450 1308 Medione

427 1348 557 1406 ducentis
570 1348 695 1423 Thyrrei
717 1349 745 1405 in
758 1350 892 1423 prasidio
911 1348 1023 1423 positis,
1044 1347 1073 1403 id
1089 1349 1208 1422 egebat,
1231 1357 1263 1404 et
1280 1343 1452 1422 proctect-
1482 1355 1491 1396 .“

335 1454 373 1523 12
426 1453 515 1510 futuri
547 1452 677 1509 venirent
705 1452 735 1507 iu
757 1461 929 1526 potestatem
953 1454 1039 1528 regis.
1096 1454 1156 1510 Per
1178 1453 1298 1510 eosdem
1325 1451 1381 1508 dies
1396 1431 1454 1523 lq'e

426 1559 503 1633 regis
524 1557 689 1615 Medionem
715 1569 864 1614 venerunt.
918 1557 1029 1631 Quibus
1052 1558 1159 1615 auditis
1182 1576 1273 1632 quum
1288 1557 1331 1615 ‘in
1351 1553 1453 1618 eonion
1483 1543 1491 1590 ἕ

396 1676 412 1729 2
428 1664 564 1737 quidnam
576 1662 808 1738 respondendum
820 1663 883 1737 regi
895 1673 979 1733 esset,
997 1662 1211 1720 consultaretur
1221 1672 1251 1720 et
1261 1662 1313 1719 elii
1323 1658 1453 1719 mene&

426 1770 455 1825 in
477 1769 612 1825 Romane
641 1767 795 1837 societate,
825 1767 875 1824 alii
907 1788 965 1825 non
992 1769 1207 1843 aspernandam
1234 1767 1385 1826 amicitiem
1404 1761 1456 1839 ιιῤ

396 1881 584 1941 3censerent,
607 1871 702 1927 media
717 1871 780 1927 visa
797 1884 840 1928 est
858 1871 935 1949 Clyti
957 1874 1108 1945 sententie,
1129 1894 1226 1950 eoque
1248 1882 1367 1949 accepte
1384 1873 1455 1939 est!

427 1980 465 2036 ad
486 1995 584 2052 regem
608 1976 752 2033 mitterent
773 1977 886 2051 legatos
914 1989 1101 2054 peterentque
1129 1981 1167 2037 eb
1192 1973 1245 2051 eo,
1275 1989 1309 2037 ut
1332 1973 1456 2036 Medione
1485 2021 1491 2028 .

426 2103 514 2158 super
539 2090 621 2139 tenta
652 2101 684 2139 re
711 2083 876 2140 consulter-e
911 2084 940 2139 in
967 2065 1089 2142 concilio
1114 2087 1306 2143 Acarnanum
1338 2088 1455 2159 potante

396 2192 462 2249 tln
493 2208 556 2245 eam
586 2188 759 2262 legationem
783 2187 982 2247 Mnasilochus
1012 2199 1040 2246 et
1068 2190 1117 2265 qui
1147 2190 1209 2246 eius
1238 2188 1372 2247 fectionis
1395 2191 1456 2244 ese

426 2298 462 2353 de
483 2295 624 2351 industria
646 2293 776 2362 coniecti,
799 2293 873 2351 clam
897 2295 1001 2365 missis,
1024 2295 1074 2368 qui
1095 2313 1192 2369 regem
1217 2295 1373 2352 admovere
1431 2289 1438 2304 '
1487 2276 1491 2282 Ι

397 2408 413 2457 5
426 2401 565 2469 iuberent,
577 2398 634 2473 ipsi
645 2400 778 2457 terebant
786 2408 909 2474 tempus.
930 2402 1033 2473 ltaque
1046 2399 1165 2456 vixdum
1177 2400 1213 2456 iis
1224 2401 1349 2474 egressis
1360 2393 1449 2476 [legen
1487 2447 1491 2454 .

426 2505 589 2563 Antiochus
611 2504 640 2560 in
662 2504 766 2561 finibus
789 2515 817 2560 et
839 2524 908 2561 mox
930 2505 968 2562 ad
991 2516 1091 2580 portes
1113 2515 1192 2574 erat,
1223 2514 1252 2562 et
1274 2502 1457 2580 trepidantibus
1488 2491 1491 2496 ¹

427 2611 476 2683 qui
498 2619 631 2684 expertes
653 2610 824 2683 proditionis
847 2610 980 2677 fuerent,
1002 2610 1236 2683 tumultuoseque
1257 2600 1459 2667 iuventutcmel

427 2725 509 2769 arma·
526 2714 706 2784 vocantibus,
728 2716 765 2770 eb
788 2713 873 2789 Clyto
886 2725 914 2770 et
929 2715 1111 2772 Mnesilocho
1131 2715 1159 2771 in
1173 2717 1276 2772 urbem
1292 2725 1336 2772 est
1349 2713 1459 2773 induunt

397 2829 413 2879 6
428 2827 455 2872 et
471 2817 534 2874 aliis
548 2836 601 2874 sua
612 2819 762 2876 voluntate
774 2820 967 2888 effluentibus,
979 2831 1057 2876 metu
1069 2821 1162 2877 coacti
1175 2820 1274 2889 etiem,
1287 2821 1336 2894 qui
1347 2815 1459 2876 dissentit
1488 2847 1491 2875 ε

428 2924 506 2991 bant,
518 2924 555 2979 nd
567 2942 663 2998 regem
678 2937 883 2981 convenerunt.
916 2925 997 2997 eros
1008 2925 1124 2999 placida
1135 2926 1268 2981 oratione
1281 2926 1391 2982 territos
1400 2934 1459 2996 qur!

427 3026 1461 3105 permulsisse,adspemvulgandaeclementiaealiquotpopuliAcarnania

397 3137 412 3189 7
428 3133 601 3191 defecerunt.
620 3137 783 3210 Thyrreum
796 3154 814 3192 a
825 3136 961 3192 Medione
972 3135 1119 3210 proiectus
1131 3145 1183 3203 est,
1194 3137 1378 3194 Mnasilocho
1388 3133 1459 3191 eadee
1490 3119 1491 3173 Ῑ

427 3249 455 3294 ct
466 3239 568 3312 legetis
579 3242 748 3313 praemissis;
765 3251 889 3298 ceterum
904 3241 1017 3297 detecta
1028 3241 1164 3297 Medione
1175 3239 1256 3298 fraus
1268 3242 1414 3308 cautiores,
1424 3250 1460 3294 nt·

396 3347 412 3401 8
427 3345 584 3402 timidiores
598 3347 796 3422 Thyrreenses
810 3346 886 3404 fecit.
922 3347 1002 3403 Dato
1015 3345 1090 3401 enim
1102 3345 1180 3401 haud
1194 3347 1336 3420 perplexo
1346 3356 1461 3420 respcm

427 3450 534 3506 nullam
563 3456 594 3507 se
618 3470 724 3507 novam
754 3453 921 3508 societatem
947 3451 1002 3508 nisi
1030 3470 1066 3507 ex
1090 3451 1263 3507 auctoritate
1285 3453 1460 3527 imperatore!

428 3558 626 3613 Romanorum
649 3567 835 3631 accepturos,
865 3556 1015 3631 portisque
1040 3556 1161 3625 clausis,
1190 3567 1322 3614 armatos
1349 3557 1377 3613 iu
1400 3549 1461 3612 mur'e

396 3660 639 3734 9disposuerunt.
686 3662 726 3719 Et
753 3671 969 3737 peropportune
1001 3662 1038 3717 ad
1066 3662 1281 3718 confirmandos
1304 3664 1460 3720 Acarnane!

427 3764 540 3821 animos
562 3764 616 3822 Cn.
639 3766 779 3825 Octavius
801 3767 905 3824 missus
930 3787 948 3823 a
970 3767 1121 3839 Quinctio,
1153 3786 1241 3841 quum
1271 3767 1462 3843 praesidiumd

427 3887 536 3942 paucas
558 3889 647 3928 neves
670 3874 707 3929 ab
730 3877 767 3931 A.
783 3871 944 3940 Postumio,
967 3872 1015 3946 qui
1036 3873 1073 3928 eb
1086 3873 1178 3929 Atilio
1195 3873 1294 3948 legato
1310 3864 1462 3948 Cephalania

427 3975 598 4048 praepositus
618 3975 722 4044 fueret,
745 3977 912 4051 accepisset,
934 3977 1098 4033 Leucadem
1118 3979 1206 4046 venit,
1229 3964 1462 4052 implevitqneqi

380 4085 414 4136 tc
428 4079 533 4149 socios,
552 4075 604 4138 Μ’.
617 4082 743 4140 Acilium
757 4082 901 4139 consulem
921 4082 978 4138 iam
999 4100 1062 4139 cum
1079 4083 1242 4158 legionibus
1254 4103 1336 4140 mere
1347 4078 1463 4139 edema

378 4188 409 4243 ll
428 4196 456 4240 et
470 4186 500 4241 in
512 4186 666 4244 Thessalis
679 4198 774 4244 castre
785 4189 920 4244 Romane
932 4205 1003 4244 esse.
1034 4188 1120 4245 Hunc
1132 4207 1279 4245 rumorem
1292 4189 1361 4263 quie
1370 4182 1463 4244 simile

428 4290 489 4347 veri
510 4301 623 4365 tempus
645 4292 712 4347 anni
735 4303 879 4349 maturum
902 4292 959 4348 iam
983 4293 1021 4349 ed
1042 4293 1240 4366 navigandum
1265 4292 1402 4357 faciebat,
1421 4298 1464 4348 r⁰¹2
