3484 5025
801 342 811 371 l

468 503 506 561 32
737 500 815 549 Liber
833 497 933 551 ml.
966 498 1017 562 (A.
1031 513 1056 548 n.
1070 514 1090 549 c.
1105 501 1178 564 554.)
1279 517 1281 522 ’

427 686 561 756 Romani,
583 685 651 760 quia
672 695 772 762 captos
795 686 906 760 aliquot
929 683 1004 741 bello
1028 685 1138 744 Punico
1159 687 1315 759 habebant,
1338 686 1382 745 usi
1404 696 1475 748 tunt.

399 790 488 853 5Ubi
509 793 645 849 latentem
667 790 743 847 intra
764 790 871 847 vallum
896 789 1007 848 hostem
1032 790 1121 862 vidit,
1153 792 1183 849 in
1212 794 1337 851 tumulos
1368 774 1478 868 qdoqua

430 917 464 956 ao
485 899 539 955 sub
559 897 652 973 ipsum
675 896 783 953 vallum
805 895 985 971 exprobrans
1007 908 1114 955 metum
1137 900 1282 958 suecessit.
1318 900 1477 972 Postquam

429 1013 547 1061 netum
569 1003 683 1077 quidem
705 1011 834 1077 potestas
855 1001 1005 1075 pugnandi
1025 1002 1159 1080 dabatur,
1181 1003 1249 1079 qaia
1271 1013 1390 1072 extem
1414 1021 1478 1079 pro·
1522 1057 1530 1070 ,

430 1110 545 1185 pinquis
569 1109 681 1166 stativis
702 1127 805 1183 parum
828 1115 891 1163 tuta
912 1106 1097 1166 frumentatio
1119 1119 1191 1179 erat,
1212 1109 1358 1185 dispersos
1380 1110 1479 1166 milites
1526 1177 1529 1182 Ι

401 1219 484 1292 (iper
505 1233 591 1291 agros
613 1214 756 1290 equitibus
771 1212 916 1287 extemplo
939 1212 1099 1284 invasuris,
1121 1224 1187 1272 octo
1208 1214 1268 1273 fere
1290 1216 1356 1274 inde
1385 1214 1480 1285 millia,
1528 1277 1530 1284 ,

432 1322 584 1380 intervallo
609 1321 742 1377 tutiorem
764 1318 1016 1376 frumentationem
1038 1320 1197 1390 habiturus,
1221 1329 1317 1378 castra
1338 1321 1378 1376 ad
1399 1319 1480 1378 Otto·

403 1429 530 1486 'llobum
553 1428 594 1501 (id
617 1438 660 1483 est
680 1425 745 1482 loco
767 1426 883 1497 nomeu)
907 1427 1007 1484 movit.
1059 1424 1154 1497 Quum
1177 1426 1208 1481 in
1229 1426 1392 1501 propinquo
1414 1443 1481 1501 agro

432 1534 675 1593 frumentarentur
695 1532 829 1602 Romani,
855 1532 949 1607 primo
971 1550 1023 1587 rex
1051 1532 1126 1588 intra
1153 1532 1259 1588 vallum
1289 1550 1358 1588 suos
1386 1532 1481 1603 tenuit,

403 1642 465 1698 8ut
486 1648 625 1697 cresceret
648 1638 733 1695 simul
760 1634 817 1714 [et]
839 1617 1020 1712 'negligentia
1045 1655 1110 1694 cum
1135 1638 1258 1695 audacie
1284 1638 1370 1694 hosti.
1427 1637 1482 1697 Ubi

373 1766 376 1773 ¹
434 1746 541 1804 effusos
563 1745 643 1814 vidit,
671 1762 734 1801 cum
763 1744 841 1800 omni
868 1744 997 1817 equitatu
1029 1753 1055 1799 et
1083 1735 1260 1801 Cretensium
1288 1743 1484 1813 auxiliaribus,

435 1863 573 1928 quantum
599 1849 721 1924 equitem
758 1848 931 1905 velocissimi
957 1848 1067 1923 pedites
1089 1867 1172 1905 cursu
1201 1868 1317 1924 aequare
1343 1856 1484 1922 poterant,
1528 1909 1530 1914 ,

435 1960 523 2017 citato
545 1956 690 2034 profectus
712 1956 826 2030 agmine
847 1955 922 2011 inter
942 1964 1038 2011 castra
1059 1956 1193 2012 Romana
1215 1963 1243 2011 et
1263 1953 1484 2011 frumentatores

403 2064 583 2122 9constituit
602 2063 694 2137 signa.
746 2062 818 2119 Inde
840 2061 931 2136 copiis
955 2061 1063 2130 divisis,
1084 2068 1195 2134 partem
1219 2060 1257 2117 ad
1278 2060 1507 2117 consectandos·

436 2188 527 2245 vagos
548 2169 770 2226 frumentatores
794 2168 897 2237 emisit,
920 2167 988 2222 dato
1010 2166 1102 2241 signo,
1122 2186 1158 2223 ne
1173 2185 1257 2240 quem
1278 2167 1377 2222 vivum
1403 2166 1485 2223 relin-

436 2285 570 2350 querent,
592 2293 655 2331 cum
678 2284 761 2350 parte
781 2274 843 2350 ipse
865 2272 992 2329 substitit
1014 2272 1182 2346 itineraque,
1207 2273 1310 2346 quibus
1333 2272 1371 2329 ad
1393 2283 1487 2329 cestra

388 2384 422 2439 10
435 2382 579 2439 recursuri
600 2381 772 2437 videbantur
792 2380 899 2449 hostes,
922 2378 1043 2437 obsedit.
1100 2379 1164 2435 Iam
1191 2378 1299 2454 passim
1330 2379 1423 2435 caedes
1455 2395 1490 2434 ao

434 2486 506 2562 fuga
527 2496 598 2557 erat,
620 2486 740 2543 necdum
764 2485 916 2559 quisquam
939 2486 968 2542 in
990 2495 1085 2542 castre
1106 2486 1240 2543 Romana
1260 2484 1377 2541 nuntius
1399 2481 1484 2541 cladis

435 2602 615 2669 pervenerat,
643 2595 711 2667 qnia
742 2592 915 2666 refugientes
930 2565 972 2647 'in
1003 2592 1112 2668 regiam
1135 2591 1287 2647 stationem
1315 2590 1486 2659 incidebant,

387 2702 420 2757 ll
437 2710 464 2756 et
486 2699 581 2786 plures
609 2700 645 2754 ab
677 2698 873 2755 obsidentibus
901 2697 967 2775 vias,
994 2716 1080 2772 quam
1109 2698 1145 2754 ab
1173 2696 1284 2754 emissis
1312 2697 1349 2753 ad
1383 2696 1487 2752 caedem

436 2805 687 2861 interficiebantur.
722 2803 854 2860 Tandem
876 2804 950 2859 inter
972 2804 1081 2860 medias
1099 2804 1224 2861 hostium
1246 2802 1384 2859 stationes
1401 2799 1488 2878 elapsi

438 2911 555 2985 quidam
577 2909 680 2984 trepidi
701 2909 854 2965 tumultum
883 2909 976 2983 magis
1002 2928 1088 2984 quam
1116 2918 1223 2967 certum
1252 2908 1382 2965 nuntium
1416 2909 1488 2965 intu-

341 3014 385 3084 3'1
437 3017 532 3073 lerunt
553 3016 663 3074 eastris.
707 3013 824 3083 Consul,
844 3015 997 3089 ,equitibus
1018 3015 1117 3085 iussis,
1149 3034 1207 3089 qua
1235 3015 1356 3089 quisque
1383 3021 1488 3089 posset,

439 3140 523 3197 opem
545 3120 621 3179 ferre
641 3120 849 3190 laborantibus,
870 3121 933 3197 ipse
953 3120 1081 3194 legiones
1109 3139 1125 3176 e
1146 3121 1247 3177 castris
1271 3118 1367 3176 educit
1388 3128 1418 3176 et
1439 3137 1489 3195 ag·

407 3228 515 3287 2mine
538 3227 680 3302 quadrato
702 3227 740 3284 ad
761 3228 874 3283 hostem
896 3224 983 3282 ducit.
1032 3225 1165 3300 Dispersi
1194 3227 1303 3301 equites
1330 3243 1494 3301 peragras

439 3333 555 3409 quidam
578 3333 757 3402 aberrarunt,
779 3330 891 3405 decepti
912 3329 1085 3387 clamoribus
1108 3332 1172 3389 aliis
1194 3352 1230 3389 ex
1252 3332 1309 3388 alio
1330 3330 1490 3389 exsistenti·

439 3441 492 3497 bus
513 3440 587 3510 loco,
609 3458 677 3514 pars
700 3439 802 3496 obvios
823 3438 986 3494 habuerunt
1007 3438 1113 3495 hostes.
1153 3438 1289 3495 Pluribus
1312 3437 1385 3494 locis
1408 3435 1490 3494 simul

408 3551 426 3607 3
438 3564 537 3622 pugna
569 3544 664 3619 coepit.
718 3545 812 3618 Regia
846 3542 932 3600 statio
968 3543 1177 3600 atrocissimum
1209 3543 1342 3618 proelium
1375 3542 1490 3611 edebat,

440 3670 506 3708 nam
529 3659 557 3707 et
576 3650 642 3725 ipsa
664 3650 841 3707 multitudine
863 3650 989 3724 equitum
1005 3650 1190 3725 peditumque
1211 3667 1303 3724 prope
1319 3649 1397 3705 iusta
1418 3648 1491 3706 acies

440 3766 512 3826 erat,
533 3765 562 3812 et
583 3757 791 3826 Romanorum,
814 3756 883 3831 quia
905 3755 1029 3812 medium
1052 3753 1204 3812 obsederat
1225 3755 1296 3825 iter,
1327 3755 1444 3831 plurimi
1464 3754 1517 3810 iu-

410 3872 505 3925 team
534 3860 737 3920 inferebantur.
795 3862 841 3919 Eo
868 3880 983 3935 quoque
1010 3861 1172 3936 superiores
1199 3862 1375 3917 Macedones
1404 3868 1492 3930 erant,

443 3968 519 4043 quod
542 3975 571 4023 et
597 3986 649 4024 rex
676 3967 738 4042 ipse
767 3968 899 4023 hortator
931 3967 1032 4022 aderat
1066 3975 1094 4023 et
1126 3965 1304 4024 Cretensium
1340 3966 1492 4023 auxiliares

442 4074 547 4130 multos
580 4092 616 4129 ex
644 4073 801 4149 improviso
832 4073 1037 4139 vulnerabant,
1072 4070 1193 4128 conferti
1223 4073 1437 4147 praeparatique
1465 4071 1492 4128 in

411 4179 588 4255 odispersos
611 4190 639 4235 et
662 4176 769 4235 effusos
790 4186 961 4254 pugnantes.
995 4176 1116 4250 Quodsi
1131 4177 1246 4234 modum
1269 4178 1297 4233 in
1319 4177 1492 4253 insequendo

442 4285 620 4356 habuissent,
642 4303 699 4341 non
721 4285 750 4342 in
772 4285 920 4361 praesentis
943 4284 1030 4341 modo
1054 4283 1217 4340 certaminis
1241 4283 1374 4358 gloriam,
1396 4283 1493 4341 sedin
