3484 5025
543 539 621 589 Liber
632 539 759 588 XXXVI.
796 539 841 596 (A.
856 537 917 589 Chr.
935 544 1004 598 191.)
1250 546 1268 601 3

274 722 419 794 .Valcrio,
435 722 480 779 cui
492 741 676 779 successurus
688 732 772 789 esset,
792 722 878 778 simul
894 724 1073 796 provinciam
1094 725 1310 801 exercitumque

274 830 373 904 ccipere
394 830 504 897 iussus;
528 830 561 884 L.
585 826 744 895 Valerium,
767 827 790 883 si
813 828 854 883 ita
876 828 1035 897 videretur,
1058 848 1112 903 pro
1134 840 1258 903 praetore
1280 834 1309 888 in
1328 838 1356 889 ll

274 935 392 991 nuinoia
423 935 562 1002 retinere,
596 943 623 989 et
654 932 834 1006 provinciam
868 933 910 989 ita
942 933 1088 1002 dividere,
1123 946 1153 990 ut
1183 953 1241 992 una
1271 938 1308 994 ab

274 1040 403 1114 grigento
417 1041 455 1096 ad
467 1040 637 1113 Pachynum
650 1048 734 1104 esset,
746 1020 838 1094 alteri
850 1058 868 1093 a
878 1040 1018 1113 Pachyno
1028 1040 1229 1113 Tyndareum
1242 1062 1306 1098 eam

274 1146 415 1202 aritimam
439 1164 521 1202 oram
545 1144 579 1204 L.
595 1143 731 1200 Valerius
757 1143 858 1217 viginti
875 1145 999 1201 navibus
1017 1144 1110 1218 longis
1139 1148 1305 1209 custodiret.

274 1249 341 1307 Idem
364 1250 484 1325 praetori
505 1250 689 1314 mandatum,
716 1258 748 1303 ut
770 1248 843 1304 duas
866 1249 993 1305 decimas
1012 1248 1147 1306 frumenti
1164 1252 1306 1325 exigeret3
1324 1258 1360 1312 12

284 1357 321 1413 ad
338 1376 421 1413 mare
440 1354 680 1428 comportandum
699 1354 956 1428 devehendumque
972 1354 1001 1410 in
1014 1330 1157 1412 (iraeciam
1181 1370 1305 1415 curaret.

275 1478 318 1518 em
329 1463 364 1519 L.
372 1460 471 1536 Oppio
484 1460 519 1517 de
531 1459 628 1515 alteris
640 1458 756 1515 decimis
769 1458 918 1532 exigendis
932 1460 961 1515 in
970 1459 1105 1518 Sardinia
1119 1460 1307 1535 imperatum;
1325 1459 1359 1513 13

274 1574 364 1623 lerum
387 1586 447 1622 non
476 1566 505 1621 in
528 1563 690 1631 Graeciam,
721 1563 772 1619 sed
795 1564 919 1619 Romam
947 1565 977 1621 id
998 1564 1172 1623 frumentum
1197 1569 1306 1641 portari

274 1688 361 1730 rcere.
413 1670 447 1732 O.
460 1672 690 1744 Livius-praetor,
708 1669 753 1725 cui
770 1668 870 1725 classis
888 1683 1033 1741 evenerat,
1052 1672 1170 1746 triginta
1184 1674 1307 1731 navibus
1325 1674 1358 1725 14

274 1778 357 1847 ratis,
376 1777 509 1834 traiicere
524 1777 553 1832 iu
570 1775 714 1834 Graeciam
733 1775 827 1848 primo
845 1785 1102 1852 quoquetempore
1113 1778 1207 1834 iussus
1226 1789 1255 1835 et
1269 1779 1306 1835 ab

275 1878 326 1939 ilio
344 1900 438 1938 naves
455 1881 594 1955 accipere.
630 1882 750 1937 Veteres
760 1898 859 1949 naves,
876 1881 983 1953 quaein
995 1883 1148 1939 navalibus
1161 1892 1252 1951 eraut,
1276 1893 1307 1940 ut
1323 1884 1360 1938 15

274 1984 366 2044 iceret
395 1998 426 2043 et
453 1997 594 2055 armaret,
625 1987 667 2044 M.
690 1985 774 2043 Iunio
803 1987 921 2059 praetori
948 1988 1095 2061 negotium
1124 1988 1224 2045 datum
1253 2002 1305 2059 est,

289 2091 321 2147 in
352 2110 419 2147 eam
449 2092 570 2149 classem
601 2092 696 2148 socios
720 2090 840 2147 navales
865 2091 1014 2148 libertinos
1036 2093 1153 2166 legeret.
1201 2095 1304 2169 Legati
1381 2085 1402 2154 3

275 2197 306 2253 ni
343 2198 375 2253 in
407 2196 540 2256 Africam
573 2199 611 2255 ad
641 2196 897 2271 Carthaginienses
934 2208 962 2254 et
994 2198 1022 2254 in
1055 2198 1224 2255 Numidiam
1267 2200 1305 2256 ad

277 2313 411 2360 mentum
440 2304 618 2378 rogandum,
655 2304 732 2377 quod
759 2298 794 2359 'in
822 2302 968 2360 Graeciam
1000 2310 1181 2376 portaretur,
1215 2303 1304 2371 missi,
1336 2295 1341 2303 ¹

274 2422 285 2461 )
315 2426 377 2482 quo
409 2409 533 2483 pretium
563 2408 689 2464 solveret
719 2408 844 2482 populus
875 2409 1033 2465 Romanus.
1098 2406 1242 2481 Adeoque
1274 2408 1335 2465 ina

274 2526 412 2587 paratum
444 2533 601 2589 curamque
636 2515 697 2571 eius
732 2514 798 2570 belli
835 2514 938 2571 civitas
965 2508 1075 2570 intenta
1102 2511 1175 2582 fuit,
1208 2522 1252 2576 ut,
1267 2516 1304 2575 P.

274 2621 388 2678 melius
412 2619 513 2678 consul
534 2619 672 2688 ediceret,
705 2619 755 2691 qui
777 2629 926 2675 senatores
956 2627 1051 2675 essent
1082 2619 1243 2694 quibusque
1274 2622 1334 2678 in3

274 2735 335 2783 ratu
368 2726 541 2782 sententiam
572 2725 667 2782 dicere
689 2724 802 2795 liceret,
834 2725 942 2798 quique
965 2725 1090 2781 minores
1118 2726 1305 2800 magistratus

275 2841 344 2900 ant,
371 2849 411 2887 ne
439 2830 504 2905 quis
532 2849 632 2886 eorum
658 2829 773 2903 longius
800 2830 837 2886 ab
860 2831 932 2886 urbe
954 2831 1049 2888 Roma
1077 2829 1184 2900 abiret,
1215 2849 1303 2904 quam

274 2932 308 2993 ia
323 2953 361 2992 eo
380 2935 429 2991 die
443 2935 536 2992 redire
548 2944 656 3010 posset,
680 2954 753 2992 neve
774 2954 832 2991 uno
854 2945 985 3010 ternpore
1007 2935 1133 3009 quinque
1155 2945 1305 2994 senatores
1354 2923 1355 2927 ἵ

300 3042 378 3098 urbe
412 3041 507 3098 Roma
539 3042 680 3100 abessent.
749 3042 785 3097 In
821 3041 1020 3115 comparanda
1055 3039 1178 3114 impigre
1211 3036 1335 3100 orasset

293 3147 416 3205 bivium
448 3148 603 3220 praetorem
635 3147 780 3204 contentio
814 3154 880 3201 orta
912 3162 977 3200 cum
1011 3143 1121 3200 colonis
1153 3146 1305 3203 maritimis

274 3252 384 3328 disper
407 3252 507 3312 tenuit.
555 3253 634 3310 Nam
657 3269 745 3325 quum
768 3259 940 3325 cogerentur
961 3248 990 3304 in
1013 3247 1150 3319 classem,
1172 3247 1335 3307 tribunos5

275 3356 309 3417 bi
328 3357 528 3432 appellarunt3
558 3330 595 3414 alr
616 3357 652 3414 iis
674 3357 712 3412 ad
734 3365 865 3413 senatum
888 3353 986 3410 reiecti
1009 3360 1089 3421 sunt3
1117 3363 1234 3410 senatus
1252 3354 1305 3422 ita,

293 3463 335 3521 ad
369 3481 459 3518 unum
493 3481 593 3519 omnes
622 3461 832 3529 consentirent,
866 3459 1011 3529 decrevit,
1046 3458 1229 3514 vacationem
1263 3459 1304 3515 rei

274 3568 349 3626 salis
376 3567 423 3624 his
453 3567 562 3624 colonis
588 3585 646 3623 non
669 3584 740 3626 esse.
789 3565 874 3624 Ostia
897 3575 925 3621 et
947 3565 1087 3637 Fregenae
1113 3574 1141 3619 et
1168 3561 1336 3620 Castrumti
1403 3636 1405 3640 ἱ

274 3692 353 3731 num
388 3681 418 3729 et
439 3673 530 3748 Pyrgi
562 3683 591 3731 et
618 3673 741 3730 Antium
774 3682 801 3727 et
828 3670 992 3726 Tarracina
1027 3677 1056 3724 et
1088 3668 1244 3725 Minturnae
1277 3679 1305 3725 et

274 3797 374 3838 suessa
405 3777 537 3847 fuerunt,
568 3797 633 3852 quae
661 3796 725 3833 cum
756 3784 880 3849 praetore
909 3775 945 3830 de
969 3773 1123 3830 vacatione
1147 3781 1303 3835 certarunt.

274 3885 344 3943 nsul
371 3884 477 3940 deinde
500 3885 548 3942 Μ’.
570 3883 683 3940 Acilius
712 3899 749 3937 ex
779 3890 896 3936 senatus
921 3878 1052 3935 consulto
1085 3875 1122 3930 ad
1150 3875 1333 3949 collegium?

274 3988 375 4049 iulium
401 3989 511 4060 retulit,
533 3989 624 4064 ipsine
642 3987 740 4060 utique
758 3985 820 4060 regi
834 3985 981 4041 Antiocho
996 3982 1169 4038 indiceretur
1187 3980 1304 4049 bellum,

298 4097 375 4154 satis
406 4104 483 4151 esset
510 4093 546 4149 ad
575 4092 738 4166 praesidium
765 4091 885 4164 aliquod
913 4089 973 4145 eius
1005 4087 1146 4153 nuntiari3
1178 4095 1206 4142 et
1234 4087 1336 4144 num8

274 4201 344 4260 tolia
367 4219 486 4274 quoque
508 4198 663 4272 separatim
685 4197 772 4253 indici
793 4197 925 4252 iuberent
946 4195 1061 4260 bellum,
1087 4200 1116 4248 et
1137 4210 1205 4247 num
1224 4190 1305 4265 prius

274 4307 359 4365 rietus
372 4314 401 4362 et
413 4303 540 4361 amicitia
552 4303 593 4358 eis
604 4300 796 4358 renuntianda
807 4310 884 4358 esset
896 4317 981 4374 quum
994 4297 1100 4354 bellum
1111 4295 1304 4353 indicantum.

1073 4396 1102 4449 ιθ
