3484 5025
540 527 543 537 ·
576 511 799 563 noer-mm.
835 511 884 578 (a
896 509 1034 587 cursa)
1249 518 1286 575 er

267 698 355 757 brevi
364 697 484 755 circuitu
501 697 634 756 dextrum
651 716 739 757 corun
754 697 881 755 hostium
899 716 1032 756 aversum
1049 699 1170 760 invadit.
1211 700 1329 759 Nullam
1344 702 1362 758 9

266 805 365 864 adem
386 806 424 862 ab
445 814 527 879 tergo
549 805 668 862 adortus
689 823 749 875 non
769 805 928 874 turbasset3
950 814 1076 863 ceterum
1099 807 1137 863 ad
1151 825 1330 865 communem

264 909 399 968 omnium
410 909 499 967 intuli
506 928 538 967 re
544 910 764 986 trepidationem
771 910 900 983 accessit,
912 913 989 985 quod
995 912 1123 987 phalanx
1129 913 1330 985 Macedonum,
1348 916 1383 971 to

264 1016 372 1091 gravis
392 1025 480 1092 atque
501 1016 671 1088 immobilis,
693 1036 747 1074 nec
767 1016 964 1090 circumagere
985 1035 1017 1073 se
1035 1026 1165 1092 poterat,
1191 1035 1244 1075 nec
1265 1018 1330 1088 hoc,

264 1121 322 1196 qui
342 1140 363 1178 a
382 1120 496 1193 fronte,
517 1122 605 1196 paulo
626 1130 694 1179 ante
713 1122 817 1197 pedem
837 1120 1009 1193 referentes,
1039 1131 1107 1181 tunc
1128 1124 1203 1181 ultro
1224 1125 1330 1182 territis

266 1227 426 1297 instabant,
448 1228 641 1302 patiebantur.
683 1228 733 1285 Ad
754 1229 810 1285 hoc
831 1228 897 1285 loco
919 1229 1005 1285 etiam
1027 1230 1239 1304 premebantur,
1262 1231 1330 1304 quia
1345 1234 1378 1290 ll

267 1334 385 1410 iugum,
412 1352 450 1391 ex
473 1353 530 1409 qno
550 1342 766 1410 pugnaverant,
795 1334 863 1391 dum
893 1352 946 1409 per
971 1334 1099 1410 proclive
1127 1335 1226 1410 pulsos
1255 1336 1330 1393 inse-

266 1451 407 1516 quuntur,
428 1441 607 1498 tradiderant
624 1441 701 1497 hosti
716 1439 754 1496 ad
769 1449 852 1514 terga
864 1458 918 1497 sua
932 1440 1135 1498 circumducto.
1178 1440 1332 1516 Paulisper

264 1548 299 1606 ln
321 1547 418 1606 medio
441 1547 516 1617 caesi,
537 1546 640 1603 deinde
662 1546 775 1604 omissis
795 1545 927 1620 plerique
948 1547 1035 1603 armis
1055 1556 1208 1621 capessunt
1221 1548 1330 1621 fugam.

266 1653 425 1729 Philippus
460 1671 524 1710 cum
563 1654 662 1729 paucis
692 1652 820 1727 pediturn
849 1652 1034 1726 equitumque
1064 1651 1158 1726 primo
1189 1652 1330 1708 tumulum
1380 1650 1425 1718 lt)

269 1758 404 1816 altiorem
420 1760 496 1816 inter
509 1768 619 1816 ceteros
637 1758 721 1833 cepit,
742 1767 773 1814 ct
793 1757 998 1833 specularetur,
1020 1758 1134 1831 quain
1154 1758 1228 1815 laeva
1248 1768 1330 1834 parte

265 1883 388 1924 suorum
410 1865 528 1922 fortuna
549 1872 637 1933 essen
659 1864 776 1935 deinde,
798 1874 952 1940 postquam
973 1862 1074 1938 fugam
1095 1861 1216 1922 effusam
1239 1866 1360 1924 anim-2
1390 1908 1392 1911 -

266 1970 396 2028 advertit
427 1981 455 2027 et
485 1971 583 2027 omnia
614 1970 692 2027 circa
726 1970 796 2046 iuga
827 1970 917 2045 signis
955 1978 1042 2044 atque
1083 1971 1170 2027 armis
1210 1970 1329 2046 fulgere,

267 2087 331 2136 turn
361 2087 390 2135 et
416 2078 479 2152 ipse
505 2077 567 2134 acie
587 2077 718 2136 excessit.
761 2076 911 2151 Quinctius
939 2095 1028 2152 quum
1053 2077 1201 2134 institisset
1228 2078 1359 2137 eaden-3

268 2184 361 2255 tibus,
388 2194 520 2258 repente,
551 2183 620 2257 quia
647 2183 787 2257 erigentes
808 2185 908 2240 hastas
930 2184 1107 2241 Macedonas
1130 2194 1330 2259 conspexerat,

270 2291 408 2366 quidnam
446 2298 597 2365 pararent,
643 2289 784 2359 incertus,
827 2288 973 2364 paulisper
1014 2290 1143 2346 novitate
1179 2289 1222 2346 rei
1262 2308 1329 2346 con·

271 2396 365 2454 stituit
382 2396 485 2471 sigua3
506 2395 618 2465 deinde,
639 2404 671 2451 ut
692 2394 803 2469 accepit
824 2395 901 2451 hunc
922 2413 1031 2451 morem
1054 2412 1117 2452 esse
1137 2396 1360 2453 Macedonumr

271 2502 444 2561 tradentium
473 2521 551 2574 sese,
580 2521 700 2578 parcere
729 2500 813 2558 victis
841 2502 871 2559 in
901 2501 997 2559 animo
1027 2502 1166 2572 habebat3
1203 2505 1361 2561 ceternm5
1436 2575 1441 2585 ¹

266 2610 306 2666 ab
316 2609 427 2684 ignaris
439 2608 585 2679 militibus,
601 2608 737 2664 omissam
754 2609 791 2664 ab
807 2609 1028 2683 hostepugnam
1046 2618 1075 2665 et
1090 2610 1159 2683 quid
1171 2609 1330 2685 imperator

266 2714 372 2784 vellet,
401 2714 525 2788 impetus
548 2714 578 2771 in
601 2733 651 2770 eos
673 2722 717 2770 est
736 2713 847 2785 factus,
881 2723 923 2786 et,
952 2715 1052 2790 primis
1074 2716 1170 2786 caesis,
1192 2715 1279 2773 ceteri
1299 2715 1329 2772 in
1430 2756 1437 2769 ,

267 2821 369 2897 lugam
392 2820 523 2896 dissipati
543 2828 618 2880 sunt.
657 2822 723 2877 Rex
744 2819 836 2877 effuso
859 2839 944 2877 cursu
965 2822 1077 2897 Tempe
1098 2822 1179 2898 petit.
1223 2823 1269 2879 lbi
1291 2821 1360 2879 add

266 2927 394 2987 Gonnos
422 2927 498 2983 diem
524 2944 611 2983 unum
641 2924 767 2981 substitit
795 2925 833 2981 ad
860 2925 1059 3001 excipiendos,
1093 2928 1118 2984 si
1148 2928 1198 3002 qui
1225 2929 1328 3003 proelio

222 3066 225 3071 ·
265 3041 460 3109 superessent.
516 3030 642 3089 Romani
670 3031 795 3087 victores
823 3030 853 3086 in
876 3042 972 3090 castra
1002 3034 1127 3091 hostium
1153 3052 1205 3108 spe
1226 3035 1330 3108 prada

266 3143 440 3214 irrumpuat3
461 3157 496 3194 ea
516 3156 624 3212 magua
644 3137 702 3193 iam
725 3155 758 3194 ec
774 3146 858 3212 parte
873 3137 985 3212 direpta
1000 3139 1037 3194 ab
1047 3138 1156 3195 AEtolis
1170 3139 1328 3199 inveniunt.

266 3244 354 3304 Caesa
375 3263 410 3301 eo
433 3244 480 3301 die
502 3253 567 3299 octo
590 3243 679 3299 millia
699 3243 835 3312 hostium,
858 3244 976 3317 quiaque
996 3253 1096 3320 capta3
1121 3263 1158 3300 ex
1173 3244 1357 3302 victoribus?

266 3351 441 3428 septingenti
461 3349 552 3406 ferme
573 3348 745 3411 ceciderunt.
795 3349 828 3408 Si
849 3349 969 3406 Valerio
991 3350 1041 3424 qui
1062 3352 1174 3423 credat,
1201 3348 1360 3407 omnium8

265 3477 365 3516 rernm
403 3455 556 3514 immodice
603 3473 753 3512 numerum
800 3454 935 3530 augenti,
994 3456 1186 3530 quadraginta
1240 3455 1329 3512 millia

265 3562 393 3620 hostium
415 3581 449 3617 eo
472 3561 518 3617 die
539 3570 605 3617 sunt
626 3579 714 3630 caesa3
736 3569 823 3635 capta
844 3560 897 3637 (ibi
913 3561 1069 3619 modestius
1081 3561 1259 3618 mendacium
1273 3559 1328 3636 est)

267 3668 395 3743 quinque
421 3667 511 3723 millia
538 3667 724 3742 septingenti,
750 3667 834 3741 signa
856 3666 992 3725 militaria
1021 3668 1144 3724 ducenta
1167 3667 1329 3742 undequin-

267 3773 416 3848 quaginta.
461 3771 599 3830 Claudius
621 3792 736 3848 quoque
756 3773 814 3829 duo
837 3782 865 3829 et
886 3773 1003 3848 triginta
1018 3772 1107 3829 millia
1117 3772 1242 3830 hostium
1254 3773 1357 3829 caesa9

265 3877 380 3949 scribit,
408 3887 496 3953 capta
525 3887 660 3952 quattuor
686 3878 777 3936 millia
798 3888 827 3936 et
846 3887 999 3936 trecentos.
1045 3879 1110 3936 Nos
1130 3897 1189 3934 non
1211 3877 1328 3934 minimo
1344 3879 1379 3934 10

266 3983 448 4058 potissimum
477 4002 595 4039 numero
623 3983 809 4056 credidimus,
836 3985 888 4042 sed
913 3985 1068 4060 Polybium
1095 3984 1186 4041 secuti
1215 3999 1328 4053 sumus,

266 4107 326 4145 non
346 4089 485 4146 incertum
507 4097 654 4145 auctorem
676 4108 763 4164 quum
785 4090 914 4147 omnium
927 4092 1125 4147 Romanarum
1140 4107 1245 4158 rerum,
1267 4096 1327 4144 tnm

266 4194 412 4271 precipue
432 4194 462 4250 in
484 4193 600 4252 Graecia
617 4202 771 4270 gestarum.

310 4344 312 4348 ,
350 4298 517 4375 Philippus,
549 4300 675 4359 collectis
700 4320 737 4359 ex
766 4300 853 4378 fuga,
868 4301 936 4377 -qui
963 4301 1053 4358 variis
1082 4301 1195 4359 casibus
1223 4317 1327 4375 pugnae
1386 4293 1420 4364 ll
