3484 5025
327 3208 351 3276 8

466 537 483 590 6
733 530 813 593 Liber
829 525 930 581 XXXI.
972 529 1016 594 (t.
1029 544 1055 581 u.
1070 547 1093 586 c.
1107 530 1179 595 ott.)

394 712 547 770 9Minima
580 712 707 771 accessio
744 731 858 787 semper
892 713 999 788 Epirus
1032 732 1123 789 regno
1153 713 1334 772 Macedoniae
1369 711 1426 771 fuit
1464 722 1492 771 et

424 817 511 874 hodie
538 825 590 876 est.
636 817 871 891 Peloponnesum
899 824 990 874 totam
1020 817 1050 874 in
1079 817 1193 875 dicione
1220 817 1374 894 Philippus
1400 819 1492 877 habet

424 924 580 996 Argosque
600 923 698 997 ipsos,
728 940 787 978 non
817 929 915 978 vetere
940 921 1020 979 fama
1042 922 1135 997 magis
1158 941 1245 996 quam
1267 931 1361 979 morte
1382 923 1492 998 Pyrrhi

375 1026 601 1085 lOnobilitatos.
648 1028 760 1083 Nostra
788 1044 864 1083 nrtnc
886 1044 1033 1100 compara.
1082 1027 1199 1100 Quanto
1221 1026 1315 1101 magis
1338 1028 1491 1084 florentem

424 1129 557 1200 Italiam,
580 1139 688 1203 quanto
710 1132 804 1206 magis
823 1130 953 1205 integras
974 1149 1037 1202 res,
1060 1132 1148 1189 salvis
1171 1131 1308 1198 ducibus,
1334 1130 1427 1186 salvis
1449 1138 1491 1186 tot

424 1234 606 1305 exercitibus,
629 1253 703 1310 quos
723 1235 865 1292 Punicum
888 1245 991 1311 postea
1011 1235 1117 1292 bellum
1132 1235 1311 1310 absumpsit,
1333 1251 1491 1309 aggressus

424 1340 555 1413 Pyrrhus
566 1347 664 1397 tamen
671 1341 815 1397 concussit
826 1341 955 1397 etvictor
963 1358 1054 1416 prope
1066 1339 1204 1415 adipeam
1214 1340 1314 1396 urbem
1323 1340 1490 1396 Romanam

375 1446 408 1500 ll
424 1443 517 1499 venit!
550 1445 614 1501 Nec
629 1446 781 1501 Tarentini
803 1445 890 1501 modo
913 1462 1022 1517 oraque
1043 1444 1094 1500 illa
1114 1444 1216 1515 Italiae,
1239 1462 1326 1517 quam
1348 1444 1490 1500 maiorem

424 1546 569 1605 Groeciam
591 1558 707 1619 vocant,
729 1558 760 1605 ut
780 1549 920 1624 linguam,
941 1557 974 1603 ut
995 1566 1101 1604 nomen
1122 1557 1237 1605 secutos
1259 1548 1407 1618 crederes,
1439 1546 1490 1605 sed

374 1649 410 1708 12
424 1652 560 1708 Lucanus
579 1660 607 1708 et
619 1652 750 1709 Bruttius
772 1661 801 1707 et
822 1652 938 1710 Samnis
961 1652 998 1708 ab
1017 1652 1101 1709 nobis
1120 1651 1295 1713 defecerunt.
1331 1653 1406 1710 Haec
1426 1670 1489 1722 vos,

423 1754 449 1811 si
469 1754 622 1829 Philippus
643 1756 673 1811 in
694 1756 810 1812 Italiam
832 1755 1039 1826 transmiserit,
1072 1757 1205 1831 quietura
1227 1766 1277 1814 aut
1299 1775 1439 1815 mansura
1459 1757 1490 1813 in

423 1860 480 1915 lide
501 1858 636 1916 creditis?
666 1860 838 1917 Mensorunt
857 1861 932 1917 enim
953 1859 1065 1917 Punico
1082 1870 1186 1935 postea
1200 1861 1286 1920 bello.
1326 1861 1488 1934 Nunquam

424 1962 471 2019 isti
492 1963 608 2037 populi,
636 1963 691 2020 nisi
713 1983 801 2038 quum
823 1965 930 2035 deerit,
961 1965 998 2021 ed
1028 1984 1114 2040 quem
1140 1955 1317 2035 desciscent,
1344 1965 1383 2021 ab
1404 1964 1489 2021 nobis

375 2070 410 2125 ts
423 2084 482 2121 non
505 2067 644 2124 deficient.
692 2067 724 2126 Si
745 2068 885 2143 piguisset
906 2087 959 2125 vos
980 2068 1009 2125 in
1029 2069 1164 2127 'Africam
1185 2068 1327 2138 traiicere,
1348 2068 1437 2125 hodie
1459 2069 1489 2123 in

334 2161 339 2172 '
425 2171 511 2228 Italis
526 2172 722 2229 Hannibalem
741 2182 770 2228 et
787 2172 1040 2249 Carthaginienses
1062 2175 1160 2231 hostes
1181 2174 1336 2233 haberetis.
1389 2174 1489 2229 Mace·

424 2276 512 2334 donia
533 2278 629 2351 potius
648 2296 735 2352 quam
750 2278 837 2334 Italia
852 2278 959 2335 bellum
972 2280 1093 2347 habeat3
1115 2277 1241 2333 hostium
1261 2278 1347 2334 urbes
1367 2278 1489 2352 agrique

374 2368 411 2439 tl
422 2380 500 2440 ferro
516 2393 604 2458 atque
617 2384 677 2457 igni
692 2391 856 2451 vastentur3
879 2383 990 2457 experti
1005 2383 1063 2456 iem
1077 2399 1186 2453 sumus,
1200 2380 1272 2439 foris
1293 2383 1377 2439 nobis
1400 2400 1489 2456 quam

424 2486 502 2544 domi
523 2486 654 2545 feliciora
674 2486 897 2562 potentioraque
915 2504 997 2544 arma
1016 2504 1088 2546 esse.
1123 2485 1169 2544 Ite
1183 2486 1213 2543 in
1227 2484 1399 2562 suffragium
1415 2487 1488 2544 bene

375 2591 587 2648 lbiuvsntibus
610 2591 683 2648 divis
705 2601 743 2661 et,
765 2610 829 2665 quae
849 2600 947 2666 patres
969 2600 1149 2664 censuerunt,
1170 2610 1224 2649 vos
1246 2591 1352 2650 iubete.
1391 2592 1488 2649 Huius

422 2695 506 2751 vobis
536 2695 683 2752 sententiae
710 2714 769 2752 non
798 2696 899 2752 consul
926 2697 1014 2753 modo
1038 2705 1219 2767 auctorest,
1252 2696 1304 2754 sed
1333 2695 1420 2752 etiam
1448 2695 1489 2752 (lii

421 2797 616 2868 immortales,
646 2800 695 2873 qui
718 2801 787 2857 mulii
808 2800 981 2857 sacrificanti
1002 2801 1206 2876 precantique,
1235 2810 1267 2856 ut
1294 2801 1351 2857 hoc
1379 2800 1486 2857 bellum

422 2901 507 2970 mihi,
536 2903 650 2958 senatui
677 2903 834 2977 vobisque,
871 2905 957 2962 sociis
989 2923 1023 2962 ac
1052 2905 1161 2961 nomini
1189 2904 1313 2974 Latino,
1345 2904 1487 2961 classrbus

421 3005 653 3080 exercitibusque
680 3004 786 3062 nostris
816 3007 889 3064 bene
919 3026 954 3065 ac
975 3008 1097 3066 feliciter
1118 3008 1260 3078 eveniret,
1292 3009 1359 3065 loeta
1389 3008 1488 3065 omnia

420 3129 618 3186 prosperaque
645 3111 847 3185 portendere.“

505 3216 554 3272 Ab
576 3217 632 3272 hac
655 3215 787 3273 oratione
808 3217 838 3272 in
861 3214 1030 3290 suffragium
1054 3214 1134 3272 missi
1167 3214 1228 3284 „uti
1249 3211 1355 3289 rogas“
1377 3214 1484 3272 bellum

390 3319 570 3377 2iusserunt.
612 3318 792 3395 Supplicatio
813 3320 881 3375 inde
902 3338 920 3375 a
942 3319 1107 3376 consulibus
1128 3319 1158 3375 in
1172 3318 1299 3376 triduum
1314 3337 1352 3376 ex
1367 3329 1485 3377 senatus

420 3423 551 3479 consulto
574 3423 683 3480 indicte
706 3431 764 3493 est,
796 3422 997 3496 obsecratique
1029 3423 1107 3480 circa
1128 3423 1226 3480 omnia
1249 3423 1415 3498 pulvinaria
1436 3424 1485 3494 dii,

419 3534 464 3595 ut,
496 3528 574 3600 quod
603 3528 710 3585 bellum
733 3545 797 3584 cum
819 3526 957 3601 Philippo
981 3528 1104 3601 populus
1125 3528 1269 3598 iussisset,
1302 3527 1332 3583 id
1354 3529 1429 3584 bene
1451 3545 1484 3585 ac

389 3628 540 3688 bleliciter
568 3632 709 3702 eveniret3
748 3629 929 3704 consultique
967 3630 1080 3689 fetiales
1117 3634 1155 3689 ab
1188 3632 1307 3690 consule
1344 3631 1485 3707 Sulpicio,

418 3735 540 3805 bellum,
573 3736 651 3810 quod
682 3735 856 3792 indiceretur
888 3735 951 3809 regi
978 3736 1132 3813 Philippo,
1159 3744 1259 3794 utrum
1293 3736 1350 3811 ipsi
1385 3737 1483 3810 utique

417 3839 544 3896 nuntiari
561 3841 701 3909 iuberent,
722 3857 759 3895 an
774 3839 845 3895 setis
861 3848 945 3910 esset,
963 3840 1109 3898 infinibus
1122 3841 1204 3916 regni
1223 3843 1301 3916 quod
1315 3843 1481 3916 proximum

417 3944 582 4018 praesidium
612 3953 703 4012 esset,
734 3961 769 4000 eo
799 3944 935 4006 nuntiari.
992 3945 1119 4002 Fetiales
1147 3946 1351 4017 decreverunt,
1386 3956 1481 4004 utrum

387 4054 516 4107 leonum
540 4047 664 4119 fecisset,
685 4058 764 4106 recte
784 4048 938 4106 facturum.
987 4047 1106 4106 Consuli
1121 4069 1139 4107 a
1153 4051 1285 4126 patribus
1300 4050 1482 4125 permissum,

416 4161 456 4224 ut,
480 4171 565 4227 quem
586 4153 733 4210 uideretur
754 4172 791 4210 ex
812 4154 860 4225 iis,
886 4153 935 4228 qui
960 4161 1043 4210 extre
1064 4163 1196 4211 senatum
1218 4163 1322 4224 essent,
1354 4154 1481 4229 legatum

385 4257 542 4316 bmitteret
575 4257 613 4314 sd
647 4257 755 4314 bellum
789 4258 852 4332 regi
887 4257 1078 4315 indicendum.
1127 4259 1204 4315 Tum
1229 4258 1276 4315 'de
1308 4259 1482 4316 exercitibus
