3484 5025
417 536 633 589 urserxxxvr.
670 534 792 599 (acm.
808 540 879 595 tsi.)
1119 541 1136 594 9

288 722 395 780 factum
425 724 570 780 dictumve
592 722 801 780 Thessalorum
828 723 905 779 bello
934 722 1089 779 lacesseret
1117 739 1178 789 eos,

272 838 353 897 tutes,
383 837 429 898 ut,
458 841 571 885 remoto
600 828 742 897 exercitu,
770 849 822 904 per
849 830 977 904 legatos,
1005 828 1029 884 si
1057 827 1125 901 quid
1153 827 1179 884 ei

272 977 276 999 ,
309 953 407 991 secum
441 935 623 1008 disceptaret.
684 935 796 991 Eodem
835 945 965 1009 tempore
1006 929 1208 1008 quingaut0a3

273 1040 344 1095 duce
365 1039 554 1114 Hippolocho
578 1040 691 1096 Pheras
722 1040 753 1096 in
780 1040 946 1116 praesidium
973 1038 1127 1103 miserunt3
1158 1036 1179 1092 ii

273 1144 333 1232 litu,
355 1144 415 1200 iam
438 1145 537 1202 omnia
558 1145 662 1202 itinera
677 1144 875 1203 obsidentibus
889 1145 986 1219 regiis,
1010 1143 1178 1201 Scotussam

273 1260 336 1309 unt.
375 1250 494 1324 Legatis
506 1250 700 1307 Larisaeorum
715 1269 768 1307 rex
782 1250 938 1307 clementer
949 1248 1106 1325 respondit,
1121 1239 1179 1304 nou
1194 1244 1210 1296 4

273 1355 331 1425 ndi,
353 1357 406 1413 sed
428 1356 541 1413 tueudae
564 1365 593 1412 et
614 1355 792 1412 stabilienda
813 1355 955 1413 libertatis
971 1354 1179 1412 Thessalorum

274 1462 460 1519 Thessaliam
482 1460 616 1521 intrasse.
672 1460 785 1519 Similia
812 1461 857 1518 his
886 1461 935 1535 qui
963 1479 1027 1517 cum
1050 1456 1210 1517 Pheroeis5

273 1566 369 1636 rissus3
398 1567 445 1624 cui
467 1566 546 1623 nullo
571 1567 640 1622 dato
662 1584 817 1639 responso,
840 1566 953 1624 Pheraei
975 1566 1029 1640 ipsi
1051 1565 1178 1640 legatum

290 1672 451 1747 principem
474 1672 599 1728 civitatis
621 1670 800 1728 Pausaniam
823 1672 972 1728 miserunt.
1013 1672 1070 1744 Qui
1092 1669 1211 1745 qnumd

272 1776 363 1833 imilia
385 1776 437 1845 iis,
460 1776 541 1832 utin
564 1775 756 1850 constipari,
779 1795 843 1849 quae
863 1795 918 1851 pro
942 1774 1180 1835 Chalcidensibus

274 1885 313 1939 rio
348 1881 387 1937 ad
416 1881 520 1956 Euripi
552 1881 657 1938 fretum
691 1879 768 1937 dicta
799 1890 899 1950 erant,
931 1883 1063 1956 quadam
1092 1881 1178 1940 etiam

274 1987 380 2061 gisset‚
410 2004 464 2042 rex
486 1986 572 2042 etiam
596 1996 684 2061 atque
705 1985 791 2043 etiarn
816 1986 977 2045 deliberare
1004 2006 1055 2045 eos
1075 1986 1209 2056 iussos‚l

275 2092 332 2148 silii
354 2101 508 2166 caperent,
530 2092 626 2162 cuius,
651 2094 720 2148 dum
743 2091 924 2148 infuturum
946 2091 1031 2148 nimis
1053 2091 1130 2148 canti
1153 2098 1181 2147 et

274 2206 362 2262 ssent,
394 2197 541 2272 extemplo
567 2197 730 2272 paeniteret,
759 2197 875 2253 dimisit.
921 2197 994 2253 Hoec
1017 2193 1212 2253 renuntiata8

274 2300 354 2374 gatio
378 2320 466 2375 quum
488 2312 573 2372 esset,
594 2321 631 2359 ne
646 2301 763 2377 paulum
781 2303 896 2376 quidem
913 2301 1089 2370 dubitarunt,
1112 2301 1181 2374 quin

274 2423 333 2479 arga
346 2408 507 2476 Romanos,
530 2407 666 2481 quicquid
688 2406 750 2464 fors
771 2408 838 2464 belli
860 2407 981 2475 tulisset,
1002 2414 1179 2482 paterentur.

288 2512 319 2567 hi
341 2530 456 2568 summa
479 2531 534 2586 ope
556 2512 702 2586 parabant
723 2530 754 2569 se
776 2514 813 2569 ad
835 2514 936 2569 urbem
959 2511 1210 2581 defendendam‚9

288 2618 368 2672 omni
391 2626 475 2690 parte
496 2617 583 2673 simul
605 2634 775 2690 oppugnare
791 2618 898 2674 moenia
914 2626 957 2674 est
974 2634 1128 2692 aggressus
1144 2629 1181 2685 et,

274 2722 307 2777 tis
330 2721 504 2795 intelligeret
533 2719 735 2795 (nequeenim
759 2723 876 2778 dubium
900 2723 990 2796 erat),
1022 2722 1052 2778 in
1076 2731 1181 2778 eventu
1199 2728 1232 2781 10

274 2849 280 2882 r
305 2827 432 2900 positum
456 2845 534 2895 esse,
567 2845 653 2899 quam
683 2827 806 2900 primam
835 2846 989 2903 aggressus
1012 2837 1101 2896 esset,
1131 2834 1181 2882 aut

275 2931 337 2987 {nde
367 2934 405 2988 ab
436 2932 570 2987 universa
593 2939 679 3004 gente
700 2932 909 2990 Thessalorum
938 2941 988 2989 aut
1017 2931 1110 2988 timeri
1141 2948 1181 3000 se,

276 3035 384 3110 ndique
414 3047 553 3092 terrorem
585 3036 712 3091 obsessis
733 3037 838 3097 iniecit.
887 3038 1017 3094 Primum
1041 3037 1180 3111 impetum
1199 3038 1229 3090 ll

275 3143 339 3198 onis
365 3142 437 3197 satis
460 3149 626 3197 constanter
647 3140 856 3208 sustinuerunt;
890 3143 956 3199 dein
984 3161 1071 3216 quum
1100 3142 1182 3199 multi

275 3259 331 3303 rtes
343 3248 481 3302 caderent
496 3255 547 3302 aut
561 3245 790 3316 vulnerarentur,
806 3248 907 3305 labare
923 3247 1010 3304 animi
1024 3257 1181 3321 coeperunt.

276 3351 383 3408 deinde
411 3350 651 3424 castigationibus
679 3352 840 3427 principum
872 3353 909 3409 ad
937 3352 1181 3426 perseverandum
1199 3344 1232 3398 ¹2

275 3459 331 3525 ito,
360 3457 461 3513 relicto
484 3455 627 3511 exteriore
648 3455 755 3512 circulo
778 3455 868 3522 muri,
898 3455 1095 3513 deficientibus
1123 3456 1180 3511 iam

275 3584 280 3617 t
305 3561 472 3617 interiorem
503 3569 614 3633 partem
643 3560 720 3617 urbis
748 3569 965 3629 concesserunt,
993 3561 1039 3617 cui
1065 3562 1183 3618 brevior

275 3667 395 3725 nitiunis
427 3665 625 3722 circumiectus
661 3675 732 3721 erat.
796 3666 952 3722 Postremo
986 3667 1056 3724 victi
1089 3665 1182 3734 malis,

280 3780 379 3840 erent,
404 3790 440 3826 ne
462 3772 492 3826 vi
514 3771 607 3844 captis
629 3770 708 3825 nulla
730 3772 808 3845 apud
830 3771 968 3827 victorem
991 3771 1077 3828 venia
1099 3782 1182 3840 esset,

276 3887 284 3933 t
314 3895 389 3934 sese.
443 3875 524 3932 Nihil
554 3875 657 3931 deinde
688 3884 818 3930 moratus
845 3893 898 3931 rex
926 3883 1064 3950 quattuor
1095 3876 1184 3932 millia
1201 3873 1234 3928 13

276 4002 309 4050 η,
338 3983 408 4038 dum
431 3998 532 4037 recens
554 3990 647 4036 terror
669 3987 760 4045 esset,
790 3979 958 4038 Scotussam
987 3980 1073 4038 misit.
1120 3982 1185 4038 Nec

284 4085 444 4144 deditionis
471 4094 515 4141 est
541 4084 638 4152 facta,
671 4084 853 4140 cernentibus
874 4084 1062 4142 Pheraeornm
1084 4104 1184 4143 recens

287 4232 295 4261 ‚
333 4191 403 4264 qui,
437 4190 516 4263 quod
549 4188 733 4263 pertinaciter
769 4188 862 4263 primo
898 4191 1074 4258 abnuerant,
1107 4191 1184 4248 malo
1203 4192 1237 4245 14

276 4297 365 4354 udem
400 4293 544 4350 fecissent.
593 4291 667 4350 Cum
700 4293 764 4367 ipsa
794 4293 866 4350 urbe
893 4293 1097 4368 Hippolochus
1127 4294 1186 4351 La·
