3484 5025
550 520 629 572 ister
645 519 760 571 xxxv.
794 519 844 584 (s.
862 517 911 569 cs.
926 522 998 584 ros.)
1198 524 1254 582 rso

252 704 394 780 Quium
424 713 454 762 et
478 704 592 779 legatos
621 704 699 779 regis
725 702 831 764 iuerat.
879 704 961 761 Mors
990 704 1122 762 nuntiata
1149 703 1298 775 Antiochi,

252 808 275 868 ii
306 809 404 885 regis,
440 827 526 883 quesn
560 809 680 866 missam
717 808 806 885 paulo
841 819 910 867 ante
940 810 1072 866 dixeram
1107 810 1137 867 in
1172 810 1298 887 Syriam,

252 915 342 974 hsmit
366 914 525 989 colloquia.
572 914 700 988 Magnus
728 914 822 971 luctus
851 915 882 971 in
912 913 995 988 regia
1021 912 1077 971 fnit
1103 920 1328 991 magnumqueli

252 1037 289 1077 as
316 1018 432 1076 invenis
455 1020 645 1089 desiderium
676 1020 705 1077 id
730 1020 809 1076 enim
838 1018 897 1076 iam
925 1020 1071 1094 specimen
1101 1020 1147 1076 sui
1169 1020 1298 1091 dederat,

252 1135 278 1198 t,
308 1125 333 1183 si
363 1126 426 1183 rita
457 1125 574 1201 longior
602 1124 784 1199 contigisset,
813 1126 914 1199 magni
944 1126 1070 1200 iustique
1101 1124 1177 1199 regis
1206 1124 1235 1181 in
1263 1143 1298 1181 eo

252 1229 354 1288 stlulem
383 1229 474 1288 fuisse
505 1240 669 1305 appareret.
716 1229 783 1301 Quo
812 1230 909 1285 carior
935 1231 1139 1304 acceptiorque
1165 1230 1329 1292 omnibust

252 1343 309 1406 cst,
336 1354 372 1394 eo
393 1354 474 1394 mors
496 1336 557 1392 eius
578 1334 741 1410 suspectior
760 1333 829 1404 fuit,
860 1354 982 1409 gravem
1010 1353 1206 1392 successorem
1230 1356 1296 1393 eum

252 1449 339 1498 nare
358 1441 498 1498 senectuti
520 1459 580 1498 suas
601 1452 714 1515 patrem
735 1440 899 1497 credentem
917 1460 969 1515 per
986 1441 1130 1515 spadones
1146 1443 1298 1515 quosdam,

252 1545 332 1604 sliam
351 1545 517 1604 ministeriis
530 1544 692 1603 faunorum
710 1555 846 1620 acceptos
863 1545 989 1619 regibus,
1008 1564 1121 1602 veneno
1139 1548 1297 1604 sustulisse.

252 1647 309 1706 ism
339 1668 456 1725 quoque
490 1670 611 1709 causam
638 1652 818 1708 clandestino
846 1650 970 1709 facinori
998 1651 1187 1717 adiiciebant,
1221 1652 1330 1725 quodi

252 1753 354 1812 islsuco
380 1756 440 1813 lilio
464 1756 679 1832 Lysimachiam
702 1758 845 1825 dedisset,
879 1758 1026 1813 Antiocho
1058 1776 1145 1830 quam
1176 1757 1298 1813 similem

252 1857 318 1918 taret
335 1861 452 1930 molem,
483 1871 516 1918 ut
541 1862 702 1936 proculab
724 1881 757 1920 se
780 1864 892 1919 honore
913 1882 979 1918 eum
1002 1881 1119 1936 quoque
1141 1863 1299 1936 ablegaret,

252 1982 297 2024 tuu
314 1966 471 2026 habuisset.
516 1967 619 2042 Magni
650 1978 747 2024 tamen
776 1968 870 2023 luctus
899 1968 1010 2042 species
1032 1986 1084 2041 per
1105 1968 1216 2040 aliquot
1238 1967 1332 2026 diesi

252 2072 343 2147 qiam
352 2073 456 2141 tenuit;
467 2072 806 2147 legatusquellomenus,
816 2092 853 2129 ne
859 2073 954 2128 alieno
963 2083 1092 2146 tempore
1101 2073 1300 2129 incommodus

252 2175 446 2248 ‘reseratum
468 2179 646 2253 Pergamum
660 2179 811 2247 concessit,
832 2197 885 2235 rex
903 2178 1061 2251 Ephesum,
1083 2177 1200 2245 omisso,
1223 2178 1302 2250 quod

252 2283 436 2353 &huareram
466 2283 560 2355 bello,
589 2284 683 2341 rediit.
737 2284 783 2340 lbi
806 2303 858 2358 per
879 2284 987 2339 luctum
1009 2283 1091 2355 regia
1112 2282 1212 2338 clausa
1234 2284 1331 2338 cum?

252 2387 383 2448 ll'unioue
411 2390 558 2463 quodam,
588 2390 638 2463 qui
663 2389 798 2464 princeps
819 2388 978 2444 amicorum
1003 2387 1064 2443 eius
1087 2397 1163 2457 erat,
1189 2396 1302 2443 secreta

252 2494 356 2552 basilia
366 2494 499 2570 agitavit.
532 2495 656 2564 Minnio,
677 2494 946 2570 ignarus-omnium
962 2504 1146 2550 externorum
1168 2493 1341 2567 viresque8'

252 2599 381 2657 htinsans
402 2602 481 2674 regis
504 2620 542 2656 ex
562 2602 649 2657 rebus
670 2601 700 2657 in
723 2601 810 2676 Syria
831 2610 884 2657 aut
904 2600 980 2656 Asia
1000 2599 1106 2674 gestis,
1134 2617 1192 2655 non
1214 2617 1305 2655 cansa

252 2705 324 2763 sodo
344 2706 525 2781 superiorem
545 2724 608 2762 esse
625 2707 814 2776 Antiochum,
836 2706 915 2779 quod
937 2706 1007 2761 nihil
1029 2706 1105 2784 aequi
1126 2704 1306 2779 postularent

252 2806 377 2881 Romani,
407 2812 459 2868 sed
488 2811 565 2868 hello
593 2830 712 2886 quoque
741 2821 945 2887 superaturum
975 2811 1121 2867 credebat
1171 2811 1337 2885 Fugientiil

252 2914 301 2989 trgi
319 2917 559 2992 disceptationem
581 2936 645 2974 cum
668 2917 787 2992 legatis,
817 2934 868 2973 seu
896 2916 954 2973 iam
981 2926 1103 2991 experto
1125 2935 1190 2972 eam
1212 2916 1306 2973 minus

252 3034 406 3095 mrem
428 3041 481 3080 seu
503 3041 625 3080 maerore
645 3023 754 3081 recenti
774 3021 912 3093 confuso,
938 3004 1086 3097 professus
1107 3022 1237 3091 Minnio,
1266 3039 1307 3092 se,

252 3138 305 3199 qn
328 3146 383 3202 pro
411 3147 503 3185 causa
532 3138 642 3200 essem,
674 3129 832 3195 dicturum,
865 3127 1025 3202 persuasit,
1057 3137 1089 3183 ut
1118 3145 1137 3182 a
1158 3128 1307 3200 Pergamo

252 3240 455 3290 moneremur
476 3233 576 3308 legati.
625 3234 690 3291 Iam
713 3233 903 3290 convaluerat
918 3232 1078 3306 Sulpicius3
1099 3231 1200 3304 itaque
1220 3231 1308 3287 ambo
1358 3226 1401 3299 Μ
1477 3270 1482 3275 -

252 3330 384 3411 Ephesum
406 3348 559 3401 venerunt.
604 3340 671 3397 Rex
691 3339 882 3396 a·Minnione
904 3347 1060 3393 excusatus
1082 3344 1111 3392 et
1132 3336 1251 3392 ahsente
1271 3354 1307 3392 eo

252 3440 293 3515 'qi
309 3461 355 3501 res
375 3451 474 3518 eoepta
494 3451 549 3504 est.
572 3490 574 3494 .
601 3444 649 3502 lbi
671 3453 838 3519 praeparata
859 3443 992 3500 oratione
1012 3440 1124 3498 Minnio
1149 3440 1339 3514 „speciosos

252 3542 342 3605 hilm
364 3549 459 3624 inquit
482 3549 543 3619 „uti
565 3567 630 3620 vos,
649 3549 786 3620 hmani,
808 3550 979 3607 Graecarum
1001 3547 1161 3604 civitatium
1183 3547 1309 3603 liberan-

252 3644 344 3710 inum
370 3656 473 3726 video;
507 3655 561 3713 sed
587 3654 668 3712 facta
694 3664 794 3711 vestra
821 3655 946 3712 orationi
972 3673 1031 3711 non
1059 3653 1248 3723 conveniunt,
1280 3662 1310 3708 et

253 3750 323 3835 ¹*litai
348 3761 496 3818 Antiocho
525 3761 598 3819 iuris
627 3760 769 3829 statuitis,
800 3761 859 3818 alio
887 3762 943 3837 ipsi
972 3761 1094 3819 utimini.
1146 3758 1205 3832 Qui
1233 3757 1340 3816 enimi

253 3848 338 3937 figis
355 3866 776 3943 ZmyrnaeiLampsacenique
796 3867 894 3925 Graeci
919 3877 986 3925 sunt
1014 3886 1101 3942 quam
1122 3867 1312 3943 Neapolitani

262 3967 395 4044 «Regini
416 3982 445 4030 et
465 3972 635 4044 Tarentini,
664 3993 682 4029 a
705 3974 809 4048 quibus
831 3974 1022 4048 stipendium,
1055 3993 1073 4030 a
1094 3972 1199 4048 quibus
1220 3987 1311 4028 naves

253 4062 419 4159 *tedas
445 4069 584 4154 exigitis?
646 4077 709 4137 Cur
736 4080 900 4156 Syracusas
928 4088 1017 4152 atque
1045 4077 1076 4135 in
1099 4079 1177 4135 *alias
1205 4076 1342 4136 siciliae

390 4185 476 4242 nrbes
502 4188 658 4261 praetorem
687 4185 843 4260 quotannis
873 4203 939 4242 cum
969 4184 1092 4260 imperio
1118 4193 1145 4240 et
1167 4182 1258 4257 virgis
1281 4189 1311 4238 et

253 4166 392 4401 mus
412 4289 547 4349 mittitis?
591 4291 678 4350 Nihil
698 4290 778 4349 aliud
800 4290 934 4367 profecto
955 4290 1075 4362 dicatis,
1104 4307 1192 4365 quam
1221 4287 1311 4346 armis

253 4406 260 4453 l·

253 4458 262 4569 l
