3484 5025
478 501 539 557 toa
741 497 820 548 ιιι-οι
836 495 950 548 xxxv.
985 495 1196 564 (neema)

405 680 593 737 hadvcntum
621 679 786 736 viderentur
806 679 899 755 regis,
930 679 1082 738 concilium
1104 681 1223 755 quidem
1240 681 1383 740 universo
1403 681 1472 760 gd

437 794 504 860 post
528 784 663 841 dimissos
684 785 834 841 Romanos
855 803 914 842 non
936 785 1115 854 habuerunt,
1144 803 1200 861 por
1228 787 1377 861 apocletos
1401 799 1473 846 nt·

439 888 495 957 (ita
526 897 633 945 vocant
663 888 791 945 sanetius
822 889 987 959 consilium3
1029 908 1066 947 ax
1107 890 1228 948 delectis
1266 901 1380 950 sumtu
1412 891 1480 968 vhhl¹

439 992 468 1049 id
503 992 668 1068 agitabant,
713 1011 840 1067 quonam
882 994 971 1051 modo
1014 992 1044 1050 in
1077 993 1195 1052 Graecia
1233 1013 1285 1053 res
1319 1005 1475 1060 novum.

407 1097 519 1155 31nter
545 1115 645 1154 omnes
673 1099 841 1167 constabat,
876 1098 907 1154 iu
936 1096 1102 1155 civitatibus
1131 1098 1280 1175 principes
1307 1109 1338 1159 et

439 1220 582 1276 quemquo
608 1203 749 1259 &mana
779 1201 926 1258 societatis
956 1220 1020 1260 essa
1048 1213 1077 1260 et
1102 1203 1238 1279 praesenti
1265 1214 1346 1264 statu
1368 1205 1476 1284 quodq

438 1305 648 1363 multitudinum
676 1315 706 1363 ot
731 1324 855 1379 quorum
876 1325 924 1364 res
945 1324 1002 1364 non
1025 1326 1062 1364 cx
1083 1308 1228 1366 sententia
1247 1308 1381 1385 ipsorum
1408 1352 1410 1357 -
1476 1366 1477 1371 ,

406 1411 536 1468 domnia
557 1411 660 1468 novari
681 1411 764 1471 velle.
821 1411 916 1469 AEtcli
942 1411 1092 1470 consilium
1114 1418 1133 1488 †
1152 1429 1214 1471 uuo
1237 1413 1287 1471 dio
1307 1415 1408 1492 speiq
1431 1445 1446 1462 n
1477 1442 1479 1471 z

438 1535 496 1573 non
510 1515 628 1573 audacis
645 1516 741 1586 modo,
759 1515 810 1573 sed
821 1516 909 1573 etium
923 1516 1098 1592 impudentis
1113 1528 1263 1593 ceperunt,
1278 1519 1387 1578 nam·
1431 1550 1447 1566 t
1476 1560 1479 1573 s

408 1620 615 1689 bchalcidcm,
627 1620 865 1677 Lacedaemonem
884 1621 1054 1696 occupandi.
1100 1621 1214 1698 Singuli
1232 1624 1264 1682 in
1281 1623 1430 1700 singulm
1470 1631 1473 1636 '

438 1725 516 1799 cipes
533 1724 705 1794 missisunt,
725 1725 827 1781 Thoas
842 1723 1020 1793 Chalcidem,
1041 1725 1244 1783 Alexamenus
1257 1729 1357 1787 Laced
1374 1757 1401 1778 :n
1416 1760 1425 1778 ·¹

408 1829 556 1887 6Diocles
574 1828 800 1887 Demetriadem.
848 1830 936 1887 Hunc
957 1829 1040 1887 exsul
1058 1830 1253 1906 Eurylochus,
1276 1833 1314 1891 de
1334 1833 1413 1892 cuin·
1436 1863 1438 1880 2

439 1952 585 2008 causaque
605 1933 683 2008 fugae
704 1943 772 1990 ante
793 1933 900 1990 dictum
921 1943 980 2003 est,
1005 1934 1074 2009 quia
1095 1934 1207 1992 reditus
1227 1935 1259 1993 in
1280 1937 1404 2014 patriam
1428 1980 1430 1984 η

409 2042 502 2099 ierat
523 2041 582 2097 alia
603 2057 679 2114 spes,
701 2038 821 2099 adiuvit.
869 2039 988 2096 Litteris
1005 2039 1165 2115 Eurylochi
1186 2041 1332 2100 admoniti
1362 2072 1365 2092 ·
1394 2070 1422 2092 n
1473 2098 1474 2101 ,

439 2145 582 2220 amicique
613 2153 643 2201 et
664 2144 713 2218 qui
735 2144 862 2200 eiusdem
884 2142 1019 2200 factionis
1040 2154 1141 2215 orant,
1170 2144 1282 2202 liberos
1306 2156 1337 2204 ct
1356 2137 1465 2211 coss„

438 2250 500 2307 cius
528 2268 593 2307 cum
622 2248 742 2305 sordida
769 2258 863 2318 reste,
902 2258 1031 2304 tenentes
1065 2248 1230 2306 velamenta
1269 2250 1438 2327 supplicum,
1467 2258 1468 2263 ’

439 2356 600 2414 contionem
630 2352 809 2426 frequentem
840 2350 1001 2422 acciet-unt,
1031 2352 1161 2427 singulos
1190 2354 1400 2431 universosque
1426 2386 1428 2403 ι
1469 2408 1472 2417 ,

441 2470 560 2530 stantes,
576 2479 612 2517 ne
622 2459 775 2527 insontem,
789 2456 986 2513 indemnatum
999 2474 1206 2517 consenescere
1216 2459 1247 2517 iu
1258 2461 1363 2519 exsilio
1379 2462 1423 2512 ἡ,
1444 2500 1446 2505 .
1466 2454 1474 2465 '

411 2563 481 2623 8Et
506 2565 651 2640 simplices
680 2563 811 2619 hominos
841 2561 1039 2618 misericordia
1067 2572 1097 2619 et
1125 2564 1278 2640 improbos
1298 2568 1422 2625 seditim

440 2669 618 2725 immiscendi
639 2685 686 2724 res
711 2665 976 2723 tumultuAEtolico
991 2686 1058 2742 spes
1080 2669 1180 2738 movit,
1204 2680 1233 2727 et
1254 2690 1310 2746 pro
1332 2690 1365 2731 sc
1384 2670 1427 2748 q‘

410 2772 572 2831 9revocari
587 2773 733 2829 iubebant.
781 2772 836 2827 His
851 2773 1033 2847 praeparatis,
1055 2773 1173 2831 Diocles
1195 2793 1262 2832 oum
1282 2779 1362 2834 omni
1377 2796 1443 2852 cqc»
1466 2775 1469 2788 ¹

441 2878 483 2953 (ot
513 2888 575 2935 crat
601 2889 661 2934 tum
690 2876 842 2951 praefectus
871 2876 1013 2952 equitum)
1052 2877 1148 2953 specie
1183 2880 1351 2939 reducentis
1379 2901 1394 2938 e

440 2983 583 3058 hospitem
605 2981 765 3056 profectus,
797 2981 844 3038 die
873 3001 908 3038 ac
929 2991 1013 3039 nocte
1033 2982 1135 3057 ingens
1156 2984 1212 3041 iter
1232 3003 1385 3056 emensus,
1420 3011 1430 3033 r

441 3087 529 3143 millia
551 3105 604 3144 sax
625 3088 663 3142 ab
684 3088 756 3143 urbe
777 3087 906 3156 abesset,
938 3087 1032 3161 prima
1058 3087 1121 3144 lucc
1147 3089 1240 3145 tribus
1271 3089 1371 3148 electis
1413 3117 1423 3140 o

394 3192 428 3247 10
442 3201 537 3249 cetera
552 3191 732 3249 multitudine
747 3191 874 3264 equitum
890 3192 1028 3265 subsequi
1041 3193 1129 3263 iussa,
1145 3195 1303 3268 praecessit.
1346 3196 1431 3269 Postq
1463 3182 1469 3193 ⁸

441 3307 532 3370 porta
553 3296 824 3371 appropinquabat,
851 3294 967 3352 desilire
996 3314 1096 3353 omnes
1116 3286 1156 3354 ex
1177 3298 1261 3372 cquis
1282 3299 1366 3357 iussit
1387 3308 1415 3357 ct
1444 3327 1461 3344 Ν
1482 3357 1484 3360 ,

442 3401 546 3458 ducere
575 3418 682 3475 equos,
716 3400 826 3457 itineris
862 3399 989 3456 maxime
1022 3401 1110 3458 modo
1142 3402 1244 3459 solutis
1278 3404 1433 3473 ordinibut,
1480 3397 1485 3454 Ῐ

392 3506 425 3560 11
441 3505 595 3562 comitatus
618 3504 711 3578 magis
734 3503 863 3578 praefecti
884 3503 1030 3561 videratur
1051 3523 1139 3578 quum
1162 3506 1342 3581 praesidium.
1387 3506 1428 3566 lbi

441 3627 478 3666 cx
499 3610 601 3666 turmis
623 3608 660 3664 ed
682 3619 797 3683 portam
818 3608 934 3678 relicta,
962 3627 999 3665 ne
1020 3609 1135 3667 excludi
1160 3612 1343 3686 subsequens
1363 3611 1433 3687 equi
1490 3689 1492 3692 v

440 3722 553 3786 posset,
583 3712 680 3771 modia
706 3715 777 3771 urbe
806 3731 841 3769 ac
872 3731 926 3788 per
951 3712 1047 3770 iorum
1069 3733 1157 3771 manu
1176 3715 1377 3793 Eurylochum
1413 3750 1429 3765 o
1481 3737 1488 3766 u

392 3816 427 3874 12
442 3816 537 3872 multis
560 3817 776 3874 occurrentibus
798 3817 1083 3891 gratulantibusque,
1114 3819 1232 3876 domum
1258 3821 1387 3881 deduxit.
1448 3809 1491 3866 ’ν

441 3921 569 3995 equitum
598 3921 684 3997 plena
712 3923 782 3978 urbs
810 3931 888 3993 erat,
925 3932 954 3979 et
985 3922 1051 3978 loca
1081 3936 1247 3998 opportuna
1276 3945 1398 4003 occupa
1426 3951 1443 3973 1⁴
1482 3933 1484 3936 ’

442 4035 503 4082 tum
523 4025 552 4081 in
572 4026 674 4083 domos
692 4025 782 4096 missi,
802 4026 851 4100 qui
862 4026 1006 4102 principes
1018 4026 1477 4129 adversaefactionisinterdouff

441 4129 489 4186 Ite
513 4130 678 4188 Demetrias
700 4130 868 4188 AEtolorum
891 4130 971 4188 facta
993 4140 1045 4187 est.

345 4227 391 4297 ³5
524 4235 813 4317 Lacedaemone'non
834 4235 900 4294 urbi
923 4236 969 4293 vis
990 4233 1154 4308 afferenda,
1186 4237 1238 4297 sed
1268 4246 1404 4316 tyrannus
1423 4224 1469 4291 dal
