3484 5025
571 533 649 584 nen
664 533 777 584 xxxv.
812 531 924 597 (non
940 534 1015 597 ma.)
1227 537 1282 594 rer
1368 505 1370 509 ¹

266 733 325 774 tum
347 716 400 773 elii
421 716 452 775 in
473 716 616 775 sententia
643 711 862 791 permanerent,
890 710 940 773 elii
967 716 1104 773 utendum
1130 716 1210 788 eius,
1239 733 1326 791 quem

267 819 312 895 psi
333 821 564 891 consuluissent,
587 820 709 878 oonsilio
731 830 895 892 censerent,
925 819 1078 877 multitudo
1099 819 1327 895 Philopoemenis

266 925 434 990 mendam-
457 925 657 1000 exspectabat.
717 927 834 984 Proetor
862 926 887 982 is
920 935 980 982 tum
1014 933 1077 981 erat
1104 933 1134 982 et
1160 919 1261 982 omnes
1289 931 1355 984 eol

266 1041 389 1104 surpere
420 1038 450 1087 et
477 1030 632 1105 prudentia
668 1038 697 1086 et
726 1029 900 1087 auctoritate
927 1030 1065 1092 anteibat.
1118 1030 1150 1086 Is
1177 1029 1326 1104 praefatus,

266 1135 331 1190 terre
361 1127 565 1209 comparatum
592 1134 672 1210 apud
694 1136 815 1193 AEtolos
846 1152 924 1204 esse,
953 1153 990 1191 ne
1019 1143 1141 1209 pretor,
1173 1152 1262 1209 quum
1289 1136 1325 1192 de

266 1235 334 1294 teto
354 1238 556 1309 eonsnluisset,
578 1239 641 1314 ipse
661 1239 833 1296 senteutiam
857 1239 975 1308 diceret,
1005 1247 1134 1295 statuere
1156 1257 1243 1313 quam
1266 1240 1325 1316 pri·

266 1353 335 1400 unm
356 1342 447 1417 ipsos,
468 1344 539 1418 quid
559 1343 676 1415 vellent,
696 1344 792 1414 iussim
821 1353 975 1419 pretorem
998 1342 1115 1400 decretu
1136 1363 1236 1402 eorum
1258 1336 1355 1401 enm8

266 1443 315 1503 Ha
334 1441 363 1503 et
382 1463 453 1527 eura
474 1457 676 1505 exsecuturum
699 1448 939 1522 ennirurnmqm,
962 1457 1007 1517 ut,
1031 1455 1171 1522 qnantum
1197 1449 1227 1504 in
1249 1467 1319 1506 eon·

266 1549 323 1608 ullo
350 1552 479 1610 hnmano
516 1553 642 1629 positum
678 1562 769 1622 esset,
802 1570 856 1609 nee
887 1552 967 1627 pacis
1003 1570 1054 1609 eos
1088 1552 1238 1627 paeniteret
1269 1571 1323 1610 neo

266 1657 335 1717 belli.
386 1657 460 1716 Plus
487 1675 523 1715 ea
546 1658 640 1715 oratio
671 1657 811 1714 momenti
832 1656 869 1713 ad
891 1656 1054 1714 incitandos
1078 1657 1117 1713 ad
1138 1656 1245 1715 bellum
1269 1653 1354 1714 he-ll

266 1760 330 1831 buit
354 1779 442 1837 quem
463 1762 490 1819 si
511 1771 611 1837 aperte
632 1761 783 1818 suadendo
805 1760 993 1835 cupiditatem
1015 1778 1062 1818 res
1084 1762 1203 1836 gerendi
1223 1771 1322 1819 osten-

266 1861 354 1923 d'sset
404 1866 512 1941 Itaque
532 1866 641 1941 ingenti
663 1882 805 1923 consensu
826 1865 934 1922 bellum
956 1866 1102 1924 decretum
1124 1876 1177 1938 est,
1207 1875 1322 1943 tempus
1339 1864 1374 1919 10

267 1961 387 2028 itrutio
414 1971 636 2030 administrandi
666 1970 727 2028 eius
757 1970 850 2028 libare
880 1971 998 2045 praetori
1021 1972 1172 2046 permissa.
1219 1972 1321 2030 Philo·
1340 1969 1372 2024 ll

266 2077 378 2148 meu,
403 2085 598 2152 praeterquam
621 2075 702 2149 quod
722 2074 764 2131 ita
786 2073 922 2147 Quinctio
944 2074 1087 2151 placeret,
1118 2085 1147 2132 et
1175 2076 1239 2150 ipse
1260 2076 1323 2134 exi·

267 2177 392 2238 wool
420 2173 544 2237 classem
567 2181 731 2237 Romanum
763 2179 1005 2254 exspectandum,
1037 2197 1102 2254 quae
1123 2195 1142 2235 a
1164 2180 1238 2237 mari
1258 2180 1323 2258 Gy-

267 2275 354 2342 sstsm
383 2284 459 2343 tueri
492 2294 610 2360 posset3
642 2284 693 2341 sed
726 2294 878 2353 metuens,
912 2281 950 2340 ne
981 2282 1150 2340 diletionem
1183 2303 1230 2342 res
1263 2305 1322 2343 nou
1339 2279 1374 2337 ¹2

267 2395 411 2462 leuetur,
433 2398 462 2449 et
483 2408 542 2447 nou
557 2382 705 2465 Gytheum
724 2389 828 2459 solum,
852 2389 905 2445 sed
927 2387 1091 2464 presidium
1114 2407 1231 2463 quoque
1254 2389 1322 2446 mis-
1348 2383 1352 2392 ’

267 2483 326 2551 fin
340 2495 375 2553 ed
396 2495 533 2554 tuendam
553 2488 653 2553 urbem
676 2493 867 2564 amitteretur,
888 2511 978 2550 naves
994 2493 1168 2552 Aehaeorum
1191 2492 1321 2551 deduxit.

280 2604 290 2623 ’·
341 2598 571 2677 comparaverat
599 2609 629 2656 et
658 2608 800 2674 tyrannus
830 2598 975 2656 mudioem
1006 2599 1130 2657 classem
1157 2599 1196 2656 ad
1223 2598 1321 2674 prohi·
1370 2588 1418 2658 26

267 2694 366 2777 Inde,
394 2706 420 2763 si
449 2723 509 2780 qua
537 2703 663 2761 obsessis
693 2702 767 2759 meri
797 2703 1060 2774 summitterentur‚
1082 2704 1235 2779 praesidia,
1262 2713 1321 2761 tres

268 2810 349 2868 stlte
375 2826 467 2869 neves
499 2816 529 2865 et
558 2807 670 2864 lembos
690 2806 872 2882 pristesque,
899 2809 1008 2867 tradita
1033 2819 1131 2867 vet-ere
1160 2809 1254 2867 classe
1284 2828 1321 2867 ex

269 2906 365 2973 inlus
391 2913 544 2973 Romanis.
610 2913 723 2969 Harum
757 2930 901 2970 noverum
941 2913 1059 2970 nuvium
1097 2915 1256 2989 agilitatem
1292 2914 1353 2971 ut2

272 3008 445 3095 deauretur,
474 3018 560 3075 simul
588 3025 621 3074 ut
648 3017 748 3075 omnia
777 3018 849 3074 sut-ia
877 3027 948 3093 apta
978 3018 1015 3075 ud
1044 3028 1191 3076 certamen
1218 3026 1323 3090 essent,

268 3114 410 3195 wantos
436 3125 467 3182 in
500 3122 589 3179 ultum
624 3122 754 3196 quotidie
782 3123 921 3198 remigem
950 3122 1129 3196 militemque
1160 3122 1323 3180 simulacris

272 3226 371 3286 uttl‘u
395 3246 501 3304 pugne
522 3227 697 3298 exercebat,
724 3227 753 3284 in
782 3246 818 3284 eo
845 3235 926 3283 ratus
953 3225 1027 3283 verti
1049 3243 1131 3300 spem
1153 3226 1323 3297 obsidionia'

274 3328 297 3387 d
316 3332 444 3408 presidia
475 3332 620 3390 maritime
642 3331 859 3394 interclusisset.
916 3332 1031 3389 Praetor
1051 3331 1226 3388 Achaeorum
1249 3332 1354 3392 sieut3

277 3437 433 3495 menium
462 3437 652 3496 certaminum
685 3445 749 3493 arte
782 3435 915 3511 quemvis
943 3434 1088 3492 clarorum
1114 3430 1323 3510 imperatorum

278 3536 314 3595 ttl
330 3556 379 3598 usu
401 3539 449 3598 vel
468 3540 586 3616 ingenio
608 3536 754 3614 aequabat,
775 3541 817 3598 itu
837 3539 918 3597 rudis
939 3540 968 3596 in
989 3558 1022 3596 re
1043 3539 1142 3597 navali
1163 3548 1235 3610 erat,
1263 3541 1355 3602 tir-4

278 3644 330 3714 tet,
352 3645 578 3703 mediterraneus
613 3646 718 3715 homo,
750 3653 935 3702 externorum
969 3645 1055 3702 etiam
1091 3644 1236 3714 omnium,
1268 3642 1324 3701 nisi
1344 3646 1352 3691 ·'

280 3746 341 3819 Μ
373 3750 403 3807 in
434 3748 525 3809 Creta
564 3748 718 3825 prefectus
753 3743 928 3807 auxiliorum
965 3749 1160 3820 militaverat,
1195 3749 1324 3824 ignarus.

280 3844 354 3910 luris
367 3863 443 3913 'erat
472 3854 665 3931 quadriremis
690 3863 791 3924 vaus,
828 3863 916 3928 eapte
951 3854 1034 3910 annis
1071 3855 1221 3929 octoginta
1247 3862 1356 3926 antee

282 3960 349 4027 m
368 3957 482 4018 Crateri
512 3978 634 4018 uxorem
659 3959 791 4018 Niraeam
821 3959 1017 4034 eNsupeoto
1039 3954 1210 4016 Corinthum
1237 3961 1324 4018 vehe-

283 4062 320 4121 Η.
359 4065 455 4123 Huius
476 4064 558 4123 fama
580 4073 675 4121 motus
697 4063 808 4136 (fueret
832 4062 909 4121 enim
935 4063 1033 4120 nobile
1060 4062 1093 4120 in'
1117 4062 1212 4121 classe
1240 4065 1356 4139 regina

285 4168 406 4235 Dudum
427 4169 605 4245 navigium),
632 4168 736 4226 deduci
758 4170 796 4226 ub
817 4169 927 4243 AEgio‚
949 4177 1061 4243 putrem
1083 4169 1142 4226 iem
1165 4168 1323 4226 admodum

285 4272 451 4334 tremente
471 4274 664 4343 dilabentem,¹
689 4272 782 4331 iussit.
826 4273 894 4332 Hae
913 4282 973 4332 tum
995 4275 1132 4350 pretoria
1153 4293 1229 4332 nave
1250 4293 1324 4352 pree·
1340 4274 1372 4337 21
