3484 5025
543 492 621 542 liber
632 490 758 540 mlv.
794 490 995 555 (meh-195.)
1195 496 1251 554 135

264 676 464 751 lemptoribus
493 677 589 735 vetitis
615 675 791 741 frumentum
818 694 924 752 parare
953 694 988 733 ac
1008 677 1132 735 Romam
1161 677 1295 749 dimissis,

264 781 386 842 attum‘*
423 777 517 858 inquit
555 800 606 851 „se
633 782 727 857 ipsum
757 782 844 842 alet.“
900 780 1054 840 Profectus
1083 783 1120 840 ab
1149 782 1295 857 Emporiis
1310 784 1345 839 13

264 907 310 946 ms
331 890 468 946 hostium
486 888 544 945 urit
562 899 730 962 vastatqu03
751 888 849 946 omnia
869 886 941 964 fuga
962 899 991 946 et
1011 899 1120 946 terrore
1139 888 1272 963 complet.

304 992 431 1050 Eodem
448 1001 579 1068 tempore
593 994 635 1053 M.
646 992 753 1051 Helvio
770 994 918 1052 decedenti
944 1012 981 1051 ex
999 993 1135 1051 ulteriore
1150 992 1295 1069 Hispania
1344 989 1387 1057 lt

264 1116 284 1154 u
295 1096 446 1173 praesidio
456 1116 510 1157 sex
520 1099 648 1170 millium,
664 1099 733 1157 dato
744 1100 782 1157 ab
792 1101 872 1175 App.
882 1098 1005 1159 Claudio
1016 1110 1148 1176 praetore,
1159 1098 1296 1158 Celtiberi

264 1203 342 1262 nine
365 1204 481 1280 ingenti
504 1206 543 1263 ad
564 1205 702 1281 oppidum
722 1205 836 1281 Iliturgi
858 1217 1022 1269 occurrunt.
1072 1204 1184 1280 Viginti
1205 1205 1325 1264 mutiet

264 1320 413 1370 natorum
430 1310 665 1369 fuisseValerius
683 1312 791 1381 scribit,
812 1312 962 1370 duodecim
985 1312 1076 1370 millia
1096 1330 1134 1368 ex
1153 1311 1189 1368 iis
1210 1329 1294 1380 casa,

264 1416 369 1493 pidum
395 1417 510 1492 Iliturgi
529 1429 676 1493 receptum
697 1428 726 1474 et
746 1419 870 1492 puberes
891 1437 991 1476 omnes
1008 1416 1183 1476 interfectos.
1222 1417 1324 1477 Inde3

290 1533 401 1582 castra
433 1522 554 1581 Catonis
585 1523 706 1580 Helvius
737 1524 868 1598 pervenit
899 1533 941 1595 et,
975 1525 1043 1599 quia
1074 1531 1137 1581 tnta
1166 1524 1223 1580 iam
1257 1525 1294 1580 ab

264 1629 363 1688 stibus
387 1628 470 1703 regio
492 1638 564 1697 erat,
587 1628 720 1702 presidio
744 1628 774 1685 in
796 1628 958 1686 ulteriorem
975 1628 1148 1704 Hispaniam
1165 1630 1295 1701 remisso,

264 1753 356 1794 unam
381 1745 427 1791 est
448 1733 604 1809 proiectus,
626 1744 654 1790 et
674 1736 712 1792 ob
733 1755 794 1793 rem
816 1736 937 1794 feliciter
956 1745 1066 1812 gestam
1088 1754 1180 1794 ovans
1195 1737 1295 1794 urbem

264 1839 452 1915 tingressus.
499 1840 623 1915 Argenti
643 1839 742 1898 infecti
763 1841 827 1898 tulit
847 1842 877 1898 in
891 1843 1022 1899 cerarium
1038 1842 1137 1900 decern
1159 1839 1325 1917 quattuorl

264 1945 319 2004 llia
350 1946 454 2023 pondo
481 1944 661 2021 septingenta
693 1947 811 2021 triginta
840 1949 898 2004 duo
935 1959 963 2005 et
997 1947 1103 2023 signati
1131 1949 1294 2023 bigatorum

264 2052 428 2130 ptendecim
460 2051 551 2109 millia
581 2053 683 2128 viginti
714 2062 772 2110 tres
804 2062 833 2110 et
864 2052 1000 2113 Oscensis
1037 2054 1148 2129 argenti
1181 2062 1294 2111 centum

264 2157 414 2233 deviginti
460 2157 550 2214 millia
593 2157 818 2234 quadringentos
858 2159 1137 2234 undequadraginta.
1197 2158 1326 2217 causat

264 2263 371 2338 ‘nmphi
403 2263 528 2338 negandi
558 2264 670 2320 senatui
700 2262 770 2334 luit,
806 2265 885 2339 quod
918 2264 1012 2322 alieno
1045 2265 1174 2340 auspicio
1207 2273 1236 2320 et
1267 2266 1297 2320 in
1382 2257 1386 2262 ’

264 2367 328 2434 'ma
356 2368 510 2445 provincia
537 2381 703 2445 pugnasset.
763 2368 897 2427 Ceterum
927 2369 1042 2427 biennio
1070 2381 1137 2445 post
1164 2370 1298 2435 redierat,

264 2491 337 2547 ῃ,
368 2475 521 2550 provincia
540 2476 699 2534 successori
720 2476 758 2550 Q.
779 2476 909 2535 Minucio
930 2475 1053 2547 tradita,
1085 2496 1192 2535 annum
1222 2476 1298 2534 inse·

264 2591 369 2657 ptem
400 2591 528 2638 retentus
554 2582 593 2639 ibi
623 2581 711 2658 longo
740 2593 770 2640 et
796 2584 882 2659 gravi
906 2581 1008 2641 fuisset
1035 2584 1147 2642 morbo.
1193 2580 1328 2659 Itaqued

264 2686 349 2767 girus
372 2686 459 2744 modo
480 2686 624 2745 mensibus
642 2697 710 2744 ante
723 2688 846 2746 Helvius
862 2708 954 2747 ovans
968 2692 1069 2748 urbem
1084 2700 1127 2747 est
1142 2666 1297 2764 ingressus,

264 2808 324 2865 prm
346 2810 497 2850 successor
524 2793 586 2850 eius
610 2793 646 2866 Q.
668 2794 812 2852 Minucius
841 2795 1037 2871 triumpharet
1094 2794 1152 2852 Hic
1182 2794 1327 2870 quoque?

264 2896 302 2959 tl'n
311 2898 532 2974 argentipondo
543 2899 661 2974 triginta
672 2908 809 2973 quattuor
819 2900 909 2957 millia
919 2902 1084 2977 octingenta
1094 2912 1123 2957 et
1133 2902 1297 2976 bigatorum

264 3005 421 3080 sptnaginta
441 3005 499 3063 tria
519 3005 609 3063 millia
630 3015 659 3063 et
679 3003 816 3064 Oscensis
836 3007 948 3081 argenti
972 3008 1096 3066 ducenta
1114 3007 1298 3084 septuaginta

264 3120 307 3169 tto
329 3110 428 3168 millia.
653 3174 660 3192 ι

322 3217 358 3275 In
378 3217 523 3293 Hispania
543 3217 657 3274 interim
683 3217 785 3273 consul
809 3218 888 3274 haud
912 3219 1014 3292 procul
1034 3219 1181 3293 Emporiis
1203 3230 1299 3276 casua
1357 3209 1389 3278 ll

264 3320 376 3395 tabehel.
418 3321 465 3380 Eo
494 3323 584 3398 legati
610 3331 669 3379 tres
698 3323 737 3380 ab
764 3323 920 3398 Ilergetum
948 3323 1050 3398 regulo
1081 3323 1239 3398 Bilistage,
1268 3323 1328 3379 inl

264 3426 345 3501 pibus
365 3446 438 3486 unus
458 3429 535 3486 filius
557 3429 618 3485 eius
639 3441 717 3498 arat,
743 3439 896 3499 venerunt,
925 3440 1076 3504 querentes
1103 3427 1223 3484 castella
1245 3446 1299 3484 sua

264 3534 417 3609 urgueri,
453 3552 507 3593 nec
534 3553 615 3610 spem
646 3535 734 3592 ullam
760 3552 824 3591 esse
851 3534 1016 3604 resistendi,
1051 3533 1106 3590 nisi
1134 3532 1298 3609 presidium

264 3634 388 3707 Romnum
409 3639 550 3709 misissem
577 3640 635 3698 tria
660 3641 750 3698 millia
771 3640 891 3697 militum
913 3640 983 3697 satis
1005 3657 1082 3711 esse,
1111 3657 1164 3696 nec
1191 3636 1329 3708 hostes‚3

264 3740 367 3802 ittnta
387 3763 491 3802 manus
517 3746 656 3817 venisset,
684 3765 845 3804 mansuros.
903 3746 952 3802 Ad
980 3764 1017 3802 ea
1045 3744 1160 3815 consul,
1188 3745 1299 3802 moveri

264 3848 355 3925 tndem
386 3869 419 3910 se
450 3851 497 3909 vel
527 3852 654 3927 periculo
686 3872 786 3910 eorum
820 3853 867 3910 vel
899 3863 993 3922 metu,
1024 3852 1134 3921 dicere;
1169 3851 1221 3908 sed
1244 3851 1329 3908 sitis

264 3970 424 4035 »quaquam
459 3968 570 4017 tentum
607 3957 755 4033 copiarum
791 3975 870 4027 esse,
906 3965 952 4026 ut,
988 3974 1076 4031 quum
1110 3976 1218 4032 magna
1253 3956 1298 4013 vis

264 4063 365 4123 utinm
399 4065 478 4123 hand
513 4063 615 4141 procul
649 4065 726 4122 absit
760 4074 802 4134 et,
840 4080 928 4137 quam
966 4079 1035 4118 mox
1066 4062 1157 4137 signis
1187 4061 1299 4119 collatis

264 4166 433 4229 tricandum
452 4171 500 4241 sit,
520 4171 551 4229 iu
572 4172 633 4229 dies
651 4179 807 4245 exspectet,
827 4168 982 4226 dividendo
1002 4168 1157 4227 exercitum
1172 4167 1299 4224 minnere

264 4285 303 4345 tto
318 4276 396 4335 vires
408 4277 509 4352 possit.
547 4277 652 4353 Legati
673 4277 723 4334 ubi
742 4277 804 4333 htec
826 4274 1007 4345 audiverunt,
1022 4276 1127 4343 ‚flentes
1148 4273 1187 4330 ad
1202 4274 1329 4348 genuae
