<?xml version="1.0" encoding="UTF-8"?>
<!DOCTYPE html PUBLIC "-//W3C//DTD XHTML 1.0 Transitional//EN"
    "http://www.w3.org/TR/xhtml1/DTD/xhtml1-transitional.dtd">
<html xmlns="http://www.w3.org/1999/xhtml" xml:lang="en" lang="en">
 <head>
  <title>
</title>
<meta http-equiv="Content-Type" content="text/html;charset=utf-8" />
  <meta name='ocr-system' content='tesseract 3.04.00' />
  <meta name='ocr-capabilities' content='ocr_page ocr_carea ocr_par ocr_line ocrx_word'/>
</head>
<body>
  <div class='ocr_page' id='page_1' title='image "./titiliviihistor00ussigoog_0011.png"; bbox 0 0 3484 5025; ppageno 0'>
   <div class='ocr_carea' id='block_1_1' title="bbox 795 500 812 534">
    <p class='ocr_par' dir='ltr' id='par_1_1' title="bbox 795 500 812 534">
     <span class='ocr_line' id='line_1_1' title="bbox 795 500 812 534; baseline 0 0"><span class='ocrx_word' id='word_1_1' title='bbox 795 500 812 534; x_wconf 75' lang='lat' dir='ltr'>V</span> 
     </span>
    </p>
   </div>
   <div class='ocr_carea' id='block_1_2' title="bbox 229 677 1416 4208">
    <p class='ocr_par' dir='ltr' id='par_1_2' title="bbox 229 677 1416 4208">
     <span class='ocr_line' id='line_1_2' title="bbox 271 677 1340 753; baseline 0.003 -20"><span class='ocrx_word' id='word_1_2' title='bbox 271 677 447 752; x_wconf 76' lang='lat' dir='ltr'>sepissime,</span> <span class='ocrx_word' id='word_1_3' title='bbox 470 677 585 733; x_wconf 88' lang='lat' dir='ltr'>obiecta</span> <span class='ocrx_word' id='word_1_4' title='bbox 607 677 694 733; x_wconf 88' lang='lat' dir='ltr'>etiam</span> <span class='ocrx_word' id='word_1_5' title='bbox 715 678 745 733; x_wconf 91' lang='lat' dir='ltr'>in</span> <span class='ocrx_word' id='word_1_6' title='bbox 763 677 921 734; x_wconf 82' lang='lat' dir='ltr'>notissimis</span> <span class='ocrx_word' id='word_1_7' title='bbox 943 678 1039 735; x_wconf 89' lang='lat' dir='ltr'>verbis</span> <span class='ocrx_word' id='word_1_8' title='bbox 1061 678 1107 734; x_wconf 83' lang='lat' dir='ltr'>vel</span> <span class='ocrx_word' id='word_1_9' title='bbox 1129 689 1249 753; x_wconf 88' lang='lat' dir='ltr'>propter</span> <span class='ocrx_word' id='word_1_10' title='bbox 1270 680 1340 737; x_wconf 88' lang='lat' dir='ltr'>duc·</span> 
     </span>
     <span class='ocr_line' id='line_1_3' title="bbox 271 759 1340 835; baseline 0.003 -20"><span class='ocrx_word' id='word_1_11' title='bbox 271 768 349 815; x_wconf 88' lang='lat' dir='ltr'>tumn</span> <span class='ocrx_word' id='word_1_12' title='bbox 379 760 589 817; x_wconf 83' lang='lat' dir='ltr'>obscuritatem</span> <span class='ocrx_word' id='word_1_13' title='bbox 618 759 665 816; x_wconf 84' lang='lat' dir='ltr'>vel</span> <span class='ocrx_word' id='word_1_14' title='bbox 696 768 815 834; x_wconf 90' lang='lat' dir='ltr'>propter</span> <span class='ocrx_word' id='word_1_15' title='bbox 837 760 971 816; x_wconf 77' lang='lat' dir='ltr'>litterula</span> <span class='ocrx_word' id='word_1_16' title='bbox 993 777 1119 816; x_wconf 88' lang='lat' dir='ltr'>errorem</span> <span class='ocrx_word' id='word_1_17' title='bbox 1150 760 1196 817; x_wconf 86' lang='lat' dir='ltr'>vel</span> <span class='ocrx_word' id='word_1_18' title='bbox 1221 770 1340 835; x_wconf 89' lang='lat' dir='ltr'>propter</span> 
     </span>
     <span class='ocr_line' id='line_1_4' title="bbox 271 833 1339 917; baseline 0.002 -20"><span class='ocrx_word' id='word_1_19' title='bbox 271 841 378 898; x_wconf 78' lang='lat' dir='ltr'>litteras</span> <span class='ocrx_word' id='word_1_20' title='bbox 401 841 544 898; x_wconf 86' lang='lat' dir='ltr'>evanidas</span> <span class='ocrx_word' id='word_1_21' title='bbox 563 850 613 898; x_wconf 86' lang='lat' dir='ltr'>aut</span> <span class='ocrx_word' id='word_1_22' title='bbox 635 843 765 899; x_wconf 86' lang='lat' dir='ltr'>chartam</span> <span class='ocrx_word' id='word_1_23' title='bbox 788 833 935 916; x_wconf 75' lang='lat' dir='ltr'>pertusam</span> <span class='ocrx_word' id='word_1_24' title='bbox 952 842 1141 910; x_wconf 87' lang='lat' dir='ltr'>dubitatione,</span> <span class='ocrx_word' id='word_1_25' title='bbox 1163 861 1217 917; x_wconf 89' lang='lat' dir='ltr'>pro</span> <span class='ocrx_word' id='word_1_26' title='bbox 1239 844 1284 899; x_wconf 90' lang='lat' dir='ltr'>his</span> <span class='ocrx_word' id='word_1_27' title='bbox 1306 861 1339 899; x_wconf 75' lang='lat' dir='ltr'>aa</span> 
     </span>
     <span class='ocr_line' id='line_1_5' title="bbox 267 924 1337 999; baseline 0.002 -20"><span class='ocrx_word' id='word_1_28' title='bbox 267 942 298 980; x_wconf 81' lang='lat' dir='ltr'>eo</span> <span class='ocrx_word' id='word_1_29' title='bbox 311 926 404 980; x_wconf 77' lang='lat' dir='ltr'>naula</span> <span class='ocrx_word' id='word_1_30' title='bbox 426 926 497 980; x_wconf 75' lang='lat' dir='ltr'>iuris</span> <span class='ocrx_word' id='word_1_31' title='bbox 517 926 627 997; x_wconf 78' lang='lat' dir='ltr'>antiqui</span> <span class='ocrx_word' id='word_1_32' title='bbox 646 925 772 999; x_wconf 89' lang='lat' dir='ltr'>spatium</span> <span class='ocrx_word' id='word_1_33' title='bbox 794 942 918 981; x_wconf 85' lang='lat' dir='ltr'>vacuum</span> <span class='ocrx_word' id='word_1_34' title='bbox 934 925 1059 998; x_wconf 87' lang='lat' dir='ltr'>reliquit.</span> <span class='ocrx_word' id='word_1_35' title='bbox 1096 924 1173 997; x_wconf 79' lang='lat' dir='ltr'>Quid</span> <span class='ocrx_word' id='word_1_36' title='bbox 1189 926 1337 981; x_wconf 86' lang='lat' dir='ltr'>Weissen-</span> 
     </span>
     <span class='ocr_line' id='line_1_6' title="bbox 269 1005 1337 1081; baseline 0.002 -18"><span class='ocrx_word' id='word_1_37' title='bbox 269 1005 406 1063; x_wconf 86' lang='lat' dir='ltr'>bornius?</span> <span class='ocrx_word' id='word_1_38' title='bbox 428 1006 491 1065; x_wconf 91' lang='lat' dir='ltr'>Ubi</span> <span class='ocrx_word' id='word_1_39' title='bbox 506 1006 612 1063; x_wconf 89' lang='lat' dir='ltr'>codicis</span> <span class='ocrx_word' id='word_1_40' title='bbox 627 1007 653 1063; x_wconf 95' lang='grc' dir='ltr'><strong>Β</strong></span> <span class='ocrx_word' id='word_1_41' title='bbox 669 1007 765 1063; x_wconf 88' lang='lat' dir='ltr'>scriba</span> <span class='ocrx_word' id='word_1_42' title='bbox 784 1016 868 1064; x_wconf 86' lang='lat' dir='ltr'>caute</span> <span class='ocrx_word' id='word_1_43' title='bbox 883 1007 1008 1081; x_wconf 88' lang='lat' dir='ltr'>spatium</span> <span class='ocrx_word' id='word_1_44' title='bbox 1026 1006 1192 1081; x_wconf 81' lang='lat' dir='ltr'>reliquerat,</span> <span class='ocrx_word' id='word_1_45' title='bbox 1211 1017 1337 1065; x_wconf 86' lang='lat' dir='ltr'>veterem</span> 
     </span>
     <span class='ocr_line' id='line_1_7' title="bbox 268 1088 1337 1165; baseline 0.001 -20"><span class='ocrx_word' id='word_1_46' title='bbox 268 1089 403 1145; x_wconf 77' lang='lat' dir='ltr'>lacunam</span> <span class='ocrx_word' id='word_1_47' title='bbox 424 1088 507 1144; x_wconf 87' lang='lat' dir='ltr'>varie</span> <span class='ocrx_word' id='word_1_48' title='bbox 521 1088 685 1163; x_wconf 82' lang='lat' dir='ltr'>suppletam</span> <span class='ocrx_word' id='word_1_49' title='bbox 707 1098 800 1164; x_wconf 87' lang='lat' dir='ltr'>putat.</span> <span class='ocrx_word' id='word_1_50' title='bbox 843 1089 937 1163; x_wconf 88' lang='lat' dir='ltr'>Atqui</span> <span class='ocrx_word' id='word_1_51' title='bbox 958 1089 1037 1145; x_wconf 86' lang='lat' dir='ltr'>nulla</span> <span class='ocrx_word' id='word_1_52' title='bbox 1059 1099 1103 1147; x_wconf 89' lang='lat' dir='ltr'>est</span> <span class='ocrx_word' id='word_1_53' title='bbox 1120 1090 1248 1146; x_wconf 87' lang='lat' dir='ltr'>varietas</span> <span class='ocrx_word' id='word_1_54' title='bbox 1270 1109 1337 1165; x_wconf 90' lang='lat' dir='ltr'>sup-</span> 
     </span>
     <span class='ocr_line' id='line_1_8' title="bbox 268 1170 1338 1245; baseline 0.004 -19"><span class='ocrx_word' id='word_1_55' title='bbox 268 1171 373 1245; x_wconf 90' lang='lat' dir='ltr'>plendi,</span> <span class='ocrx_word' id='word_1_56' title='bbox 398 1170 537 1243; x_wconf 87' lang='lat' dir='ltr'>quoniam</span> <span class='ocrx_word' id='word_1_57' title='bbox 553 1171 675 1229; x_wconf 88' lang='lat' dir='ltr'>ridicula</span> <span class='ocrx_word' id='word_1_58' title='bbox 695 1172 746 1228; x_wconf 89' lang='lat' dir='ltr'>illa</span> <span class='ocrx_word' id='word_1_59' title='bbox 767 1191 800 1228; x_wconf 76' lang='lat' dir='ltr'>ea·</span> <span class='ocrx_word' id='word_1_60' title='bbox 821 1190 852 1227; x_wconf 86' lang='lat' dir='ltr'>co</span> <span class='ocrx_word' id='word_1_61' title='bbox 873 1172 955 1227; x_wconf 77' lang='lat' dir='ltr'>ansul</span> <span class='ocrx_word' id='word_1_62' title='bbox 971 1191 990 1228; x_wconf 88' lang='lat' dir='ltr'>a</span> <span class='ocrx_word' id='word_1_63' title='bbox 1007 1171 1271 1229; x_wconf 86' lang='lat' dir='ltr'>manifestissimum</span> <span class='ocrx_word' id='word_1_64' title='bbox 1294 1182 1338 1230; x_wconf 90' lang='lat' dir='ltr'>est</span> 
     </span>
     <span class='ocr_line' id='line_1_9' title="bbox 268 1252 1337 1329; baseline 0.002 -20"><span class='ocrx_word' id='word_1_65' title='bbox 268 1254 336 1310; x_wconf 89' lang='lat' dir='ltr'>nihil</span> <span class='ocrx_word' id='word_1_66' title='bbox 369 1252 452 1309; x_wconf 85' lang='lat' dir='ltr'>aliud</span> <span class='ocrx_word' id='word_1_67' title='bbox 482 1253 644 1327; x_wconf 85' lang='lat' dir='ltr'>significare</span> <span class='ocrx_word' id='word_1_68' title='bbox 677 1254 733 1310; x_wconf 92' lang='lat' dir='ltr'>nisi</span> <span class='ocrx_word' id='word_1_69' title='bbox 761 1272 795 1310; x_wconf 81' lang='lat' dir='ltr'>ea</span> <span class='ocrx_word' id='word_1_70' title='bbox 812 1255 948 1327; x_wconf 79' lang='lat' dir='ltr'>formula.</span> <span class='ocrx_word' id='word_1_71' title='bbox 997 1254 1064 1311; x_wconf 92' lang='lat' dir='ltr'>Hoc</span> <span class='ocrx_word' id='word_1_72' title='bbox 1094 1264 1191 1311; x_wconf 88' lang='lat' dir='ltr'>autem</span> <span class='ocrx_word' id='word_1_73' title='bbox 1222 1255 1337 1329; x_wconf 85' lang='lat' dir='ltr'>suppla-</span> 
     </span>
     <span class='ocr_line' id='line_1_10' title="bbox 268 1336 1337 1412; baseline 0.002 -20"><span class='ocrx_word' id='word_1_74' title='bbox 268 1346 395 1393; x_wconf 90' lang='lat' dir='ltr'>mentum</span> <span class='ocrx_word' id='word_1_75' title='bbox 424 1336 572 1409; x_wconf 88' lang='lat' dir='ltr'>quomodo</span> <span class='ocrx_word' id='word_1_76' title='bbox 598 1355 634 1392; x_wconf 87' lang='lat' dir='ltr'>ex</span> <span class='ocrx_word' id='word_1_77' title='bbox 663 1337 710 1406; x_wconf 88' lang='lat' dir='ltr'>M,</span> <span class='ocrx_word' id='word_1_78' title='bbox 739 1355 757 1392; x_wconf 87' lang='lat' dir='ltr'>a</span> <span class='ocrx_word' id='word_1_79' title='bbox 784 1336 954 1412; x_wconf 87' lang='lat' dir='ltr'>vulgaribus</span> <span class='ocrx_word' id='word_1_80' title='bbox 974 1337 1184 1407; x_wconf 90' lang='lat' dir='ltr'>remotissimo,</span> <span class='ocrx_word' id='word_1_81' title='bbox 1216 1337 1246 1393; x_wconf 91' lang='lat' dir='ltr'>in</span> <span class='ocrx_word' id='word_1_82' title='bbox 1272 1337 1337 1394; x_wconf 90' lang='lat' dir='ltr'>illos</span> 
     </span>
     <span class='ocr_line' id='line_1_11' title="bbox 266 1417 1337 1493; baseline 0.002 -20"><span class='ocrx_word' id='word_1_83' title='bbox 266 1419 359 1486; x_wconf 82' lang='lat' dir='ltr'>venit,</span> <span class='ocrx_word' id='word_1_84' title='bbox 389 1418 442 1491; x_wconf 88' lang='lat' dir='ltr'>qui</span> <span class='ocrx_word' id='word_1_85' title='bbox 472 1418 579 1492; x_wconf 91' lang='lat' dir='ltr'>ubique</span> <span class='ocrx_word' id='word_1_86' title='bbox 612 1437 677 1476; x_wconf 89' lang='lat' dir='ltr'>cum</span> <span class='ocrx_word' id='word_1_87' title='bbox 701 1419 727 1475; x_wconf 95' lang='grc' dir='ltr'><strong>Β</strong></span> <span class='ocrx_word' id='word_1_88' title='bbox 753 1419 979 1493; x_wconf 86' lang='lat' dir='ltr'>coniunguntur,</span> <span class='ocrx_word' id='word_1_89' title='bbox 1009 1417 1126 1476; x_wconf 77' lang='lat' dir='ltr'>assecla</span> <span class='ocrx_word' id='word_1_90' title='bbox 1153 1438 1222 1475; x_wconf 86' lang='lat' dir='ltr'>sane</span> <span class='ocrx_word' id='word_1_91' title='bbox 1250 1419 1337 1493; x_wconf 86' lang='lat' dir='ltr'>longe</span> 
     </span>
     <span class='ocr_line' id='line_1_12' title="bbox 266 1499 1336 1576; baseline 0.001 -19"><span class='ocrx_word' id='word_1_92' title='bbox 266 1499 420 1557; x_wconf 84' lang='lat' dir='ltr'>inferiores</span> <span class='ocrx_word' id='word_1_93' title='bbox 450 1510 480 1557; x_wconf 89' lang='lat' dir='ltr'>et</span> <span class='ocrx_word' id='word_1_94' title='bbox 503 1500 678 1575; x_wconf 86' lang='lat' dir='ltr'>depravati?</span> <span class='ocrx_word' id='word_1_95' title='bbox 714 1503 869 1559; x_wconf 87' lang='lat' dir='ltr'>Postremo</span> <span class='ocrx_word' id='word_1_96' title='bbox 893 1503 958 1575; x_wconf 88' lang='lat' dir='ltr'>quis</span> <span class='ocrx_word' id='word_1_97' title='bbox 985 1501 1041 1560; x_wconf 91' lang='lat' dir='ltr'>illis</span> <span class='ocrx_word' id='word_1_98' title='bbox 1063 1501 1191 1570; x_wconf 76' lang='lat' dir='ltr'>saeculis,</span> <span class='ocrx_word' id='word_1_99' title='bbox 1214 1520 1336 1576; x_wconf 89' lang='lat' dir='ltr'>quorum</span> 
     </span>
     <span class='ocr_line' id='line_1_13' title="bbox 266 1583 1333 1658; baseline 0.001 -19"><span class='ocrx_word' id='word_1_100' title='bbox 266 1594 309 1639; x_wconf 86' lang='lat' dir='ltr'>est</span> <span class='ocrx_word' id='word_1_101' title='bbox 331 1583 429 1640; x_wconf 84' lang='lat' dir='ltr'>codex</span> <span class='ocrx_word' id='word_1_102' title='bbox 452 1584 650 1657; x_wconf 88' lang='lat' dir='ltr'>Moguntiuus,</span> <span class='ocrx_word' id='word_1_103' title='bbox 671 1583 837 1640; x_wconf 90' lang='lat' dir='ltr'>huiusmodi</span> <span class='ocrx_word' id='word_1_104' title='bbox 858 1584 1098 1658; x_wconf 87' lang='lat' dir='ltr'>supplementum,</span> <span class='ocrx_word' id='word_1_105' title='bbox 1121 1596 1179 1641; x_wconf 87' lang='lat' dir='ltr'>tam</span> <span class='ocrx_word' id='word_1_106' title='bbox 1196 1585 1333 1641; x_wconf 89' lang='lat' dir='ltr'>Latinum</span> 
     </span>
     <span class='ocr_line' id='line_1_14' title="bbox 264 1665 1337 1742; baseline 0.001 -20"><span class='ocrx_word' id='word_1_107' title='bbox 264 1684 300 1722; x_wconf 84' lang='lat' dir='ltr'>ac</span> <span class='ocrx_word' id='word_1_108' title='bbox 324 1666 488 1740; x_wconf 87' lang='lat' dir='ltr'>proprium,</span> <span class='ocrx_word' id='word_1_109' title='bbox 510 1665 706 1740; x_wconf 82' lang='lat' dir='ltr'>excogitavit?</span> <span class='ocrx_word' id='word_1_110' title='bbox 731 1666 790 1725; x_wconf 87' lang='lat' dir='ltr'>Sed</span> <span class='ocrx_word' id='word_1_111' title='bbox 812 1668 891 1739; x_wconf 91' lang='lat' dir='ltr'>(uam</span> <span class='ocrx_word' id='word_1_112' title='bbox 910 1684 979 1724; x_wconf 89' lang='lat' dir='ltr'>casu</span> <span class='ocrx_word' id='word_1_113' title='bbox 995 1667 1108 1738; x_wconf 87' lang='lat' dir='ltr'>accidit,</span> <span class='ocrx_word' id='word_1_114' title='bbox 1133 1679 1165 1723; x_wconf 90' lang='lat' dir='ltr'>ut</span> <span class='ocrx_word' id='word_1_115' title='bbox 1187 1668 1337 1742; x_wconf 90' lang='lat' dir='ltr'>aptissimo</span> 
     </span>
     <span class='ocr_line' id='line_1_15' title="bbox 240 1749 1336 1823; baseline 0.001 -19"><span class='ocrx_word' id='word_1_116' title='bbox 240 1749 401 1823; x_wconf 64' lang='lat' dir='ltr'>‘exemplo</span> <span class='ocrx_word' id='word_1_117' title='bbox 430 1749 582 1805; x_wconf 85' lang='lat' dir='ltr'>veritatem</span> <span class='ocrx_word' id='word_1_118' title='bbox 607 1750 779 1806; x_wconf 86' lang='lat' dir='ltr'>confirmare</span> <span class='ocrx_word' id='word_1_119' title='bbox 800 1749 897 1821; x_wconf 88' lang='lat' dir='ltr'>liceat)</span> <span class='ocrx_word' id='word_1_120' title='bbox 927 1758 959 1805; x_wconf 91' lang='lat' dir='ltr'>ut</span> <span class='ocrx_word' id='word_1_121' title='bbox 980 1750 1037 1805; x_wconf 91' lang='lat' dir='ltr'>hoc</span> <span class='ocrx_word' id='word_1_122' title='bbox 1059 1749 1123 1806; x_wconf 89' lang='lat' dir='ltr'>loco</span> <span class='ocrx_word' id='word_1_123' title='bbox 1138 1751 1265 1823; x_wconf 70' lang='lat' dir='ltr'>sumata</span> <span class='ocrx_word' id='word_1_124' title='bbox 1286 1769 1336 1805; x_wconf 88' lang='lat' dir='ltr'>an·</span> 
     </span>
     <span class='ocr_line' id='line_1_16' title="bbox 264 1831 1336 1905; baseline 0.003 -19"><span class='ocrx_word' id='word_1_125' title='bbox 264 1833 335 1905; x_wconf 81' lang='lat' dir='ltr'>tiqui</span> <span class='ocrx_word' id='word_1_126' title='bbox 355 1834 428 1887; x_wconf 76' lang='lat' dir='ltr'>iuris</span> <span class='ocrx_word' id='word_1_127' title='bbox 449 1831 479 1886; x_wconf 91' lang='lat' dir='ltr'>in</span> <span class='ocrx_word' id='word_1_128' title='bbox 502 1832 662 1888; x_wconf 88' lang='lat' dir='ltr'>Bsublata</span> <span class='ocrx_word' id='word_1_129' title='bbox 683 1840 746 1888; x_wconf 90' lang='lat' dir='ltr'>tota</span> <span class='ocrx_word' id='word_1_130' title='bbox 767 1835 819 1902; x_wconf 84' lang='lat' dir='ltr'>est,</span> <span class='ocrx_word' id='word_1_131' title='bbox 848 1832 890 1888; x_wconf 89' lang='lat' dir='ltr'>sic</span> <span class='ocrx_word' id='word_1_132' title='bbox 912 1831 1049 1900; x_wconf 92' lang='lat' dir='ltr'>XXXV,</span> <span class='ocrx_word' id='word_1_133' title='bbox 1074 1835 1118 1901; x_wconf 88' lang='grc'>16,</span> <span class='ocrx_word' id='word_1_134' title='bbox 1143 1837 1176 1901; x_wconf 86' lang='grc'>6,</span> <span class='ocrx_word' id='word_1_135' title='bbox 1209 1833 1257 1889; x_wconf 91' lang='lat' dir='ltr'>ubi</span> <span class='ocrx_word' id='word_1_136' title='bbox 1283 1850 1336 1889; x_wconf 87' lang='lat' dir='ltr'>nec</span> 
     </span>
     <span class='ocr_line' id='line_1_17' title="bbox 266 1914 1335 1988; baseline 0.003 -21"><span class='ocrx_word' id='word_1_137' title='bbox 266 1914 526 1970; x_wconf 89' lang='lat' dir='ltr'>Weissenbornius</span> <span class='ocrx_word' id='word_1_138' title='bbox 547 1932 600 1971; x_wconf 84' lang='lat' dir='ltr'>noc</span> <span class='ocrx_word' id='word_1_139' title='bbox 623 1914 776 1987; x_wconf 89' lang='lat' dir='ltr'>quisquam</span> <span class='ocrx_word' id='word_1_140' title='bbox 799 1914 928 1983; x_wconf 91' lang='lat' dir='ltr'>dubitat,</span> <span class='ocrx_word' id='word_1_141' title='bbox 960 1914 1028 1988; x_wconf 90' lang='lat' dir='ltr'>quin</span> <span class='ocrx_word' id='word_1_142' title='bbox 1051 1915 1152 1971; x_wconf 87' lang='lat' dir='ltr'>Livius</span> <span class='ocrx_word' id='word_1_143' title='bbox 1180 1915 1335 1988; x_wconf 80' lang='lat' dir='ltr'>scripserit,</span> 
     </span>
     <span class='ocr_line' id='line_1_18' title="bbox 266 1996 1335 2071; baseline 0.002 -20"><span class='ocrx_word' id='word_1_144' title='bbox 266 2008 297 2051; x_wconf 86' lang='lat' dir='ltr'>ut</span> <span class='ocrx_word' id='word_1_145' title='bbox 324 1996 354 2052; x_wconf 95' lang='lat' dir='ltr'>in</span> <span class='ocrx_word' id='word_1_146' title='bbox 383 1997 417 2053; x_wconf 91' lang='lat' dir='ltr'>M</span> <span class='ocrx_word' id='word_1_147' title='bbox 445 2006 504 2051; x_wconf 90' lang='lat' dir='ltr'>est:</span> <span class='ocrx_word' id='word_1_148' title='bbox 533 1998 561 2051; x_wconf 85' lang='lat' dir='ltr'>iu</span> <span class='ocrx_word' id='word_1_149' title='bbox 590 1998 733 2070; x_wconf 83' lang='lat' dir='ltr'>antiqua-m</span> <span class='ocrx_word' id='word_1_150' title='bbox 755 2000 797 2052; x_wconf 85' lang='lat' dir='ltr'>ius</span> <span class='ocrx_word' id='word_1_151' title='bbox 818 2000 929 2071; x_wconf 82' lang='lat' dir='ltr'>repetit,</span> <span class='ocrx_word' id='word_1_152' title='bbox 957 1996 987 2053; x_wconf 94' lang='lat' dir='ltr'>in</span> <span class='ocrx_word' id='word_1_153' title='bbox 1016 1998 1042 2054; x_wconf 96' lang='lat' dir='ltr'><strong>B</strong></span> <span class='ocrx_word' id='word_1_154' title='bbox 1075 1997 1165 2070; x_wconf 87' lang='lat' dir='ltr'>(quod</span> <span class='ocrx_word' id='word_1_155' title='bbox 1197 1998 1335 2070; x_wconf 87' lang='lat' dir='ltr'>scriptum</span> 
     </span>
     <span class='ocr_line' id='line_1_19' title="bbox 229 2077 1336 2153; baseline 0 -18"><span class='ocrx_word' id='word_1_156' title='bbox 229 2086 232 2091; x_wconf 79' lang='grc'><strong><em>’</em></strong></span> <span class='ocrx_word' id='word_1_157' title='bbox 266 2089 328 2135; x_wconf 89' lang='lat' dir='ltr'>erat</span> <span class='ocrx_word' id='word_1_158' title='bbox 351 2078 485 2151; x_wconf 85' lang='lat' dir='ltr'>anticum)</span> <span class='ocrx_word' id='word_1_159' title='bbox 504 2077 614 2135; x_wconf 86' lang='lat' dir='ltr'>factum</span> <span class='ocrx_word' id='word_1_160' title='bbox 637 2089 681 2135; x_wconf 88' lang='lat' dir='ltr'>est</span> <span class='ocrx_word' id='word_1_161' title='bbox 702 2080 867 2135; x_wconf 77' lang='lat' dir='ltr'>Antiochum</span> <span class='ocrx_word' id='word_1_162' title='bbox 890 2082 1002 2153; x_wconf 79' lang='lat' dir='ltr'>repetit,</span> <span class='ocrx_word' id='word_1_163' title='bbox 1032 2079 1136 2136; x_wconf 89' lang='lat' dir='ltr'>deinde</span> <span class='ocrx_word' id='word_1_164' title='bbox 1157 2080 1186 2136; x_wconf 91' lang='lat' dir='ltr'>in</span> <span class='ocrx_word' id='word_1_165' title='bbox 1209 2080 1336 2153; x_wconf 88' lang='lat' dir='ltr'>vulgari-</span> 
     </span>
     <span class='ocr_line' id='line_1_20' title="bbox 266 2161 1336 2236; baseline 0.002 -19"><span class='ocrx_word' id='word_1_166' title='bbox 266 2162 319 2217; x_wconf 87' lang='lat' dir='ltr'>bus</span> <span class='ocrx_word' id='word_1_167' title='bbox 347 2161 522 2235; x_wconf 81' lang='lat' dir='ltr'>corrigendo</span> <span class='ocrx_word' id='word_1_168' title='bbox 551 2161 703 2218; x_wconf 74' lang='lat' dir='ltr'>Antiochus</span> <span class='ocrx_word' id='word_1_169' title='bbox 729 2165 835 2236; x_wconf 78' lang='lat' dir='ltr'>repetit.</span> <span class='ocrx_word' id='word_1_170' title='bbox 891 2164 1027 2236; x_wconf 80' lang='lat' dir='ltr'>Apparet</span> <span class='ocrx_word' id='word_1_171' title='bbox 1050 2162 1221 2236; x_wconf 85' lang='lat' dir='ltr'>depravatio</span> <span class='ocrx_word' id='word_1_172' title='bbox 1249 2163 1278 2217; x_wconf 91' lang='lat' dir='ltr'>in</span> <span class='ocrx_word' id='word_1_173' title='bbox 1310 2164 1336 2219; x_wconf 91' lang='lat' dir='ltr'>B</span> 
     </span>
     <span class='ocr_line' id='line_1_21' title="bbox 265 2244 1335 2318; baseline 0.002 -20"><span class='ocrx_word' id='word_1_174' title='bbox 265 2244 415 2318; x_wconf 89' lang='lat' dir='ltr'>incipiens,</span> <span class='ocrx_word' id='word_1_175' title='bbox 437 2244 468 2298; x_wconf 91' lang='lat' dir='ltr'>in</span> <span class='ocrx_word' id='word_1_176' title='bbox 491 2245 593 2300; x_wconf 87' lang='lat' dir='ltr'>ceteris</span> <span class='ocrx_word' id='word_1_177' title='bbox 614 2244 728 2318; x_wconf 83' lang='lat' dir='ltr'>longius</span> <span class='ocrx_word' id='word_1_178' title='bbox 750 2245 949 2318; x_wconf 84' lang='lat' dir='ltr'>progrediens.</span> <span class='ocrx_word' id='word_1_179' title='bbox 992 2244 1102 2301; x_wconf 89' lang='lat' dir='ltr'>Verum</span> <span class='ocrx_word' id='word_1_180' title='bbox 1126 2264 1162 2300; x_wconf 89' lang='lat' dir='ltr'>ne</span> <span class='ocrx_word' id='word_1_181' title='bbox 1184 2247 1213 2301; x_wconf 88' lang='lat' dir='ltr'>in</span> <span class='ocrx_word' id='word_1_182' title='bbox 1235 2245 1335 2318; x_wconf 88' lang='lat' dir='ltr'>paucis</span> 
     </span>
     <span class='ocr_line' id='line_1_22' title="bbox 266 2325 1337 2400; baseline 0 -19"><span class='ocrx_word' id='word_1_183' title='bbox 266 2326 335 2382; x_wconf 90' lang='lat' dir='ltr'>locis</span> <span class='ocrx_word' id='word_1_184' title='bbox 359 2325 472 2381; x_wconf 88' lang='lat' dir='ltr'>morari</span> <span class='ocrx_word' id='word_1_185' title='bbox 492 2326 658 2387; x_wconf 73' lang='lat' dir='ltr'>videamur,</span> <span class='ocrx_word' id='word_1_186' title='bbox 680 2326 774 2382; x_wconf 90' lang='lat' dir='ltr'>dicam</span> <span class='ocrx_word' id='word_1_187' title='bbox 796 2328 921 2400; x_wconf 87' lang='lat' dir='ltr'>primum</span> <span class='ocrx_word' id='word_1_188' title='bbox 945 2326 1093 2394; x_wconf 87' lang='lat' dir='ltr'>universe,</span> <span class='ocrx_word' id='word_1_189' title='bbox 1116 2328 1245 2382; x_wconf 86' lang='lat' dir='ltr'>codicem</span> <span class='ocrx_word' id='word_1_190' title='bbox 1268 2328 1337 2381; x_wconf 90' lang='lat' dir='ltr'>Mo-</span> 
     </span>
     <span class='ocr_line' id='line_1_23' title="bbox 263 2407 1336 2482; baseline 0 -19"><span class='ocrx_word' id='word_1_191' title='bbox 263 2410 429 2481; x_wconf 83' lang='lat' dir='ltr'>guntinum,</span> <span class='ocrx_word' id='word_1_192' title='bbox 447 2426 533 2481; x_wconf 89' lang='lat' dir='ltr'>quem</span> <span class='ocrx_word' id='word_1_193' title='bbox 556 2410 606 2482; x_wconf 92' lang='lat' dir='ltr'>qui</span> <span class='ocrx_word' id='word_1_194' title='bbox 627 2409 761 2464; x_wconf 90' lang='lat' dir='ltr'>viderunt</span> <span class='ocrx_word' id='word_1_195' title='bbox 782 2407 984 2481; x_wconf 87' lang='lat' dir='ltr'>(Carbachius,</span> <span class='ocrx_word' id='word_1_196' title='bbox 1006 2407 1155 2475; x_wconf 85' lang='lat' dir='ltr'>Gelenius,</span> <span class='ocrx_word' id='word_1_197' title='bbox 1179 2409 1247 2480; x_wconf 88' lang='lat' dir='ltr'>alii),</span> <span class='ocrx_word' id='word_1_198' title='bbox 1274 2426 1336 2463; x_wconf 89' lang='lat' dir='ltr'>nm·</span> 
     </span>
     <span class='ocr_line' id='line_1_24' title="bbox 265 2491 1337 2566; baseline 0.001 -20"><span class='ocrx_word' id='word_1_199' title='bbox 265 2508 315 2547; x_wconf 91' lang='lat' dir='ltr'>nes</span> <span class='ocrx_word' id='word_1_200' title='bbox 336 2508 461 2548; x_wconf 84' lang='lat' dir='ltr'>summae</span> <span class='ocrx_word' id='word_1_201' title='bbox 488 2491 667 2566; x_wconf 79' lang='lat' dir='ltr'>antiquitatis</span> <span class='ocrx_word' id='word_1_202' title='bbox 691 2491 798 2548; x_wconf 87' lang='lat' dir='ltr'>indicia</span> <span class='ocrx_word' id='word_1_203' title='bbox 829 2491 967 2549; x_wconf 89' lang='lat' dir='ltr'>habuisse</span> <span class='ocrx_word' id='word_1_204' title='bbox 996 2498 1065 2548; x_wconf 89' lang='lat' dir='ltr'>eta</span> <span class='ocrx_word' id='word_1_205' title='bbox 1093 2491 1229 2562; x_wconf 82' lang='lat' dir='ltr'>noviciis,</span> <span class='ocrx_word' id='word_1_206' title='bbox 1263 2508 1337 2565; x_wconf 90' lang='lat' dir='ltr'>quos</span> 
     </span>
     <span class='ocr_line' id='line_1_25' title="bbox 265 2573 1337 2648; baseline 0 -19"><span class='ocrx_word' id='word_1_207' title='bbox 265 2574 371 2630; x_wconf 88' lang='lat' dir='ltr'>multos</span> <span class='ocrx_word' id='word_1_208' title='bbox 400 2582 577 2642; x_wconf 87' lang='lat' dir='ltr'>tractarant,</span> <span class='ocrx_word' id='word_1_209' title='bbox 606 2574 702 2648; x_wconf 87' lang='lat' dir='ltr'>specie</span> <span class='ocrx_word' id='word_1_210' title='bbox 731 2583 759 2630; x_wconf 92' lang='lat' dir='ltr'>et</span> <span class='ocrx_word' id='word_1_211' title='bbox 783 2575 932 2648; x_wconf 79' lang='lat' dir='ltr'>scriptura</span> <span class='ocrx_word' id='word_1_212' title='bbox 953 2592 1059 2648; x_wconf 83' lang='lat' dir='ltr'>genere</span> <span class='ocrx_word' id='word_1_213' title='bbox 1081 2584 1223 2631; x_wconf 88' lang='lat' dir='ltr'>remotum</span> <span class='ocrx_word' id='word_1_214' title='bbox 1247 2573 1337 2630; x_wconf 83' lang='lat' dir='ltr'>fuisse</span> 
     </span>
     <span class='ocr_line' id='line_1_26' title="bbox 264 2656 1335 2731; baseline 0.001 -19"><span class='ocrx_word' id='word_1_215' title='bbox 264 2666 418 2725; x_wconf 85' lang='lat' dir='ltr'>testantur,</span> <span class='ocrx_word' id='word_1_216' title='bbox 433 2656 630 2730; x_wconf 88' lang='lat' dir='ltr'>compluribus</span> <span class='ocrx_word' id='word_1_217' title='bbox 645 2665 722 2713; x_wconf 88' lang='lat' dir='ltr'>certe</span> <span class='ocrx_word' id='word_1_218' title='bbox 744 2656 856 2712; x_wconf 85' lang='lat' dir='ltr'>saeculis</span> <span class='ocrx_word' id='word_1_219' title='bbox 878 2665 946 2713; x_wconf 86' lang='lat' dir='ltr'>ante</span> <span class='ocrx_word' id='word_1_220' title='bbox 967 2657 1104 2731; x_wconf 90' lang='lat' dir='ltr'>scriptum</span> <span class='ocrx_word' id='word_1_221' title='bbox 1126 2656 1225 2724; x_wconf 88' lang='lat' dir='ltr'>fuisse,</span> <span class='ocrx_word' id='word_1_222' title='bbox 1248 2675 1335 2730; x_wconf 89' lang='lat' dir='ltr'>quam</span> 
     </span>
     <span class='ocr_line' id='line_1_27' title="bbox 266 2738 1336 2813; baseline 0 -19"><span class='ocrx_word' id='word_1_223' title='bbox 266 2739 409 2795; x_wconf 89' lang='lat' dir='ltr'>recentior</span> <span class='ocrx_word' id='word_1_224' title='bbox 430 2738 483 2794; x_wconf 90' lang='lat' dir='ltr'>illa</span> <span class='ocrx_word' id='word_1_225' title='bbox 504 2739 636 2794; x_wconf 89' lang='lat' dir='ltr'>codicum</span> <span class='ocrx_word' id='word_1_226' title='bbox 659 2739 895 2812; x_wconf 87' lang='lat' dir='ltr'>corrigendorum</span> <span class='ocrx_word' id='word_1_227' title='bbox 920 2748 950 2794; x_wconf 90' lang='lat' dir='ltr'>et</span> <span class='ocrx_word' id='word_1_228' title='bbox 970 2739 1089 2796; x_wconf 89' lang='lat' dir='ltr'>lacunas</span> <span class='ocrx_word' id='word_1_229' title='bbox 1111 2739 1245 2813; x_wconf 86' lang='lat' dir='ltr'>explendi</span> <span class='ocrx_word' id='word_1_230' title='bbox 1267 2757 1336 2795; x_wconf 91' lang='lat' dir='ltr'>con·</span> 
     </span>
     <span class='ocr_line' id='line_1_28' title="bbox 267 2820 1335 2896; baseline 0 -20"><span class='ocrx_word' id='word_1_231' title='bbox 267 2820 388 2877; x_wconf 87' lang='lat' dir='ltr'>suetudo</span> <span class='ocrx_word' id='word_1_232' title='bbox 420 2829 491 2877; x_wconf 88' lang='lat' dir='ltr'>nata</span> <span class='ocrx_word' id='word_1_233' title='bbox 513 2821 564 2890; x_wconf 91' lang='lat' dir='ltr'>sit,</span> <span class='ocrx_word' id='word_1_234' title='bbox 596 2821 754 2894; x_wconf 88' lang='lat' dir='ltr'>superioris</span> <span class='ocrx_word' id='word_1_235' title='bbox 783 2830 880 2877; x_wconf 90' lang='lat' dir='ltr'>autem</span> <span class='ocrx_word' id='word_1_236' title='bbox 910 2822 1048 2894; x_wconf 88' lang='lat' dir='ltr'>temporis</span> <span class='ocrx_word' id='word_1_237' title='bbox 1075 2821 1335 2896; x_wconf 88' lang='lat' dir='ltr'>interpolationem,</span> 
     </span>
     <span class='ocr_line' id='line_1_29' title="bbox 267 2903 1336 2978; baseline 0 -20"><span class='ocrx_word' id='word_1_238' title='bbox 267 2921 353 2976; x_wconf 89' lang='lat' dir='ltr'>quam</span> <span class='ocrx_word' id='word_1_239' title='bbox 377 2903 467 2959; x_wconf 89' lang='lat' dir='ltr'>etiam</span> <span class='ocrx_word' id='word_1_240' title='bbox 490 2903 706 2976; x_wconf 87' lang='lat' dir='ltr'>antiquissimos</span> <span class='ocrx_word' id='word_1_241' title='bbox 729 2903 842 2960; x_wconf 89' lang='lat' dir='ltr'>codices</span> <span class='ocrx_word' id='word_1_242' title='bbox 863 2904 911 2960; x_wconf 89' lang='lat' dir='ltr'>hic</span> <span class='ocrx_word' id='word_1_243' title='bbox 931 2903 989 2959; x_wconf 90' lang='lat' dir='ltr'>illic</span> <span class='ocrx_word' id='word_1_244' title='bbox 1012 2903 1156 2978; x_wconf 86' lang='lat' dir='ltr'>attigisse,</span> <span class='ocrx_word' id='word_1_245' title='bbox 1187 2922 1263 2978; x_wconf 85' lang='lat' dir='ltr'>saepe</span> <span class='ocrx_word' id='word_1_246' title='bbox 1286 2922 1336 2958; x_wconf 89' lang='lat' dir='ltr'>ex-</span> 
     </span>
     <span class='ocr_line' id='line_1_30' title="bbox 266 2984 1337 3059; baseline 0.002 -19"><span class='ocrx_word' id='word_1_247' title='bbox 266 2987 364 3058; x_wconf 87' lang='lat' dir='ltr'>posui,</span> <span class='ocrx_word' id='word_1_248' title='bbox 393 2986 482 3059; x_wconf 87' lang='lat' dir='ltr'>longe</span> <span class='ocrx_word' id='word_1_249' title='bbox 504 2985 578 3041; x_wconf 89' lang='lat' dir='ltr'>alius</span> <span class='ocrx_word' id='word_1_250' title='bbox 599 2986 713 3059; x_wconf 83' lang='lat' dir='ltr'>generis</span> <span class='ocrx_word' id='word_1_251' title='bbox 732 2984 830 3055; x_wconf 87' lang='lat' dir='ltr'>fuisse,</span> <span class='ocrx_word' id='word_1_252' title='bbox 852 2985 1011 3059; x_wconf 86' lang='lat' dir='ltr'>simplicem</span> <span class='ocrx_word' id='word_1_253' title='bbox 1034 2994 1063 3041; x_wconf 90' lang='lat' dir='ltr'>et</span> <span class='ocrx_word' id='word_1_254' title='bbox 1082 2987 1199 3054; x_wconf 88' lang='lat' dir='ltr'>rudem,</span> <span class='ocrx_word' id='word_1_255' title='bbox 1222 2985 1337 3058; x_wconf 86' lang='lat' dir='ltr'>qualem</span> 
     </span>
     <span class='ocr_line' id='line_1_31' title="bbox 267 3067 1337 3141; baseline 0.003 -20"><span class='ocrx_word' id='word_1_256' title='bbox 267 3067 294 3122; x_wconf 89' lang='lat' dir='ltr'>in</span> <span class='ocrx_word' id='word_1_257' title='bbox 322 3067 577 3124; x_wconf 89' lang='lat' dir='ltr'>emendationibus</span> <span class='ocrx_word' id='word_1_258' title='bbox 599 3067 729 3124; x_wconf 74' lang='lat' dir='ltr'>Liuianis</span> <span class='ocrx_word' id='word_1_259' title='bbox 756 3067 853 3123; x_wconf 86' lang='lat' dir='ltr'>multis</span> <span class='ocrx_word' id='word_1_260' title='bbox 874 3067 946 3122; x_wconf 86' lang='lat' dir='ltr'>locis</span> <span class='ocrx_word' id='word_1_261' title='bbox 970 3068 1143 3124; x_wconf 87' lang='lat' dir='ltr'>adumbravi</span> <span class='ocrx_word' id='word_1_262' title='bbox 1164 3068 1203 3141; x_wconf 87' lang='lat' dir='ltr'>(p.</span> <span class='ocrx_word' id='word_1_263' title='bbox 1223 3071 1268 3135; x_wconf 86' lang='grc'>13,</span> <span class='ocrx_word' id='word_1_264' title='bbox 1291 3071 1337 3136; x_wconf 84' lang='grc'>14,</span> 
     </span>
     <span class='ocr_line' id='line_1_32' title="bbox 266 3150 1337 3224; baseline 0.001 -20"><span class='ocrx_word' id='word_1_265' title='bbox 266 3169 295 3223; x_wconf 85' lang='lat' dir='ltr'>p.</span> <span class='ocrx_word' id='word_1_266' title='bbox 319 3152 396 3220; x_wconf 82' lang='lat'>208,</span> <span class='ocrx_word' id='word_1_267' title='bbox 430 3168 460 3223; x_wconf 87' lang='lat' dir='ltr'>p.</span> <span class='ocrx_word' id='word_1_268' title='bbox 484 3151 586 3206; x_wconf 79' lang='lat'>33611.</span> <span class='ocrx_word' id='word_1_269' title='bbox 610 3158 687 3220; x_wconf 80' lang='lat' dir='ltr'>cett,</span> <span class='ocrx_word' id='word_1_270' title='bbox 718 3151 755 3206; x_wconf 92' lang='lat' dir='ltr'>de</span> <span class='ocrx_word' id='word_1_271' title='bbox 775 3150 861 3205; x_wconf 89' lang='lat' dir='ltr'>huius</span> <span class='ocrx_word' id='word_1_272' title='bbox 884 3158 980 3206; x_wconf 88' lang='lat' dir='ltr'>autem</span> <span class='ocrx_word' id='word_1_273' title='bbox 1003 3150 1094 3224; x_wconf 91' lang='lat' dir='ltr'>ipsius</span> <span class='ocrx_word' id='word_1_274' title='bbox 1117 3151 1232 3206; x_wconf 88' lang='lat' dir='ltr'>decadis</span> <span class='ocrx_word' id='word_1_275' title='bbox 1255 3150 1337 3206; x_wconf 89' lang='lat' dir='ltr'>codi-</span> 
     </span>
     <span class='ocr_line' id='line_1_33' title="bbox 268 3231 1337 3307; baseline 0.002 -21"><span class='ocrx_word' id='word_1_276' title='bbox 268 3231 347 3288; x_wconf 89' lang='lat' dir='ltr'>cibus</span> <span class='ocrx_word' id='word_1_277' title='bbox 358 3251 387 3306; x_wconf 88' lang='lat' dir='ltr'>p.</span> <span class='ocrx_word' id='word_1_278' title='bbox 401 3236 459 3288; x_wconf 84' lang='grc'>401</span> <span class='ocrx_word' id='word_1_279' title='bbox 475 3232 539 3305; x_wconf 83' lang='lat' dir='ltr'>sq),</span> <span class='ocrx_word' id='word_1_280' title='bbox 565 3232 678 3305; x_wconf 90' lang='lat' dir='ltr'>qualem</span> <span class='ocrx_word' id='word_1_281' title='bbox 700 3232 764 3307; x_wconf 87' lang='lat' dir='ltr'>ipse</span> <span class='ocrx_word' id='word_1_282' title='bbox 778 3232 967 3305; x_wconf 86' lang='lat' dir='ltr'>Moguntinus</span> <span class='ocrx_word' id='word_1_283' title='bbox 989 3233 1114 3288; x_wconf 91' lang='lat' dir='ltr'>ostendit</span> <span class='ocrx_word' id='word_1_284' title='bbox 1134 3233 1183 3288; x_wconf 90' lang='lat' dir='ltr'>lib.</span> <span class='ocrx_word' id='word_1_285' title='bbox 1199 3232 1337 3300; x_wconf 88' lang='lat' dir='ltr'>XXXV,</span> 
     </span>
     <span class='ocr_line' id='line_1_34' title="bbox 270 3313 1337 3389; baseline 0.001 -20"><span class='ocrx_word' id='word_1_286' title='bbox 270 3318 295 3380; x_wconf 86' lang='grc'>1,</span> <span class='ocrx_word' id='word_1_287' title='bbox 319 3317 346 3383; x_wconf 88' lang='grc'>3,</span> <span class='ocrx_word' id='word_1_288' title='bbox 368 3325 438 3388; x_wconf 90' lang='lat' dir='ltr'>post</span> <span class='ocrx_word' id='word_1_289' title='bbox 459 3316 531 3369; x_wconf 78' lang='lat' dir='ltr'>atter</span> <span class='ocrx_word' id='word_1_290' title='bbox 547 3323 666 3387; x_wconf 83' lang='lat' dir='ltr'>pacatos</span> <span class='ocrx_word' id='word_1_291' title='bbox 687 3315 796 3370; x_wconf 91' lang='lat' dir='ltr'>addens</span> <span class='ocrx_word' id='word_1_292' title='bbox 818 3332 911 3386; x_wconf 76' lang='lat' dir='ltr'>uqros,</span> <span class='ocrx_word' id='word_1_293' title='bbox 934 3314 1220 3389; x_wconf 87' lang='lat' dir='ltr'>interpretamentum</span> <span class='ocrx_word' id='word_1_294' title='bbox 1242 3313 1337 3370; x_wconf 88' lang='lat' dir='ltr'>infeli-</span> 
     </span>
     <span class='ocr_line' id='line_1_35' title="bbox 267 3396 1338 3471; baseline 0 -19"><span class='ocrx_word' id='word_1_295' title='bbox 267 3396 424 3471; x_wconf 86' lang='lat' dir='ltr'>cissimum.</span> <span class='ocrx_word' id='word_1_296' title='bbox 472 3396 587 3452; x_wconf 87' lang='lat' dir='ltr'>Deinde</span> <span class='ocrx_word' id='word_1_297' title='bbox 614 3398 671 3453; x_wconf 91' lang='lat' dir='ltr'>hoc</span> <span class='ocrx_word' id='word_1_298' title='bbox 692 3415 811 3470; x_wconf 90' lang='lat' dir='ltr'>ponam,</span> <span class='ocrx_word' id='word_1_299' title='bbox 838 3414 982 3468; x_wconf 89' lang='lat' dir='ltr'>nusquam</span> <span class='ocrx_word' id='word_1_300' title='bbox 1011 3397 1166 3471; x_wconf 87' lang='lat' dir='ltr'>quicquam</span> <span class='ocrx_word' id='word_1_301' title='bbox 1191 3397 1265 3453; x_wconf 91' lang='lat' dir='ltr'>labis</span> <span class='ocrx_word' id='word_1_302' title='bbox 1288 3407 1338 3452; x_wconf 91' lang='lat' dir='ltr'>aut</span> 
     </span>
     <span class='ocr_line' id='line_1_36' title="bbox 270 3477 1337 3552; baseline 0.002 -19"><span class='ocrx_word' id='word_1_303' title='bbox 270 3478 389 3535; x_wconf 69' lang='lat' dir='ltr'>maculas</span> <span class='ocrx_word' id='word_1_304' title='bbox 411 3477 441 3533; x_wconf 94' lang='lat' dir='ltr'>in</span> <span class='ocrx_word' id='word_1_305' title='bbox 470 3478 503 3533; x_wconf 92' lang='lat' dir='ltr'>M</span> <span class='ocrx_word' id='word_1_306' title='bbox 524 3479 660 3552; x_wconf 89' lang='lat' dir='ltr'>reperiri,</span> <span class='ocrx_word' id='word_1_307' title='bbox 688 3480 767 3550; x_wconf 87' lang='lat' dir='ltr'>quod</span> <span class='ocrx_word' id='word_1_308' title='bbox 796 3498 833 3534; x_wconf 86' lang='lat' dir='ltr'>ex</span> <span class='ocrx_word' id='word_1_309' title='bbox 855 3479 1055 3535; x_wconf 89' lang='lat' dir='ltr'>communibus</span> <span class='ocrx_word' id='word_1_310' title='bbox 1077 3480 1104 3535; x_wconf 92' lang='lat' dir='ltr'>B</span> <span class='ocrx_word' id='word_1_311' title='bbox 1127 3491 1155 3536; x_wconf 90' lang='lat' dir='ltr'>et</span> <span class='ocrx_word' id='word_1_312' title='bbox 1176 3489 1337 3535; x_wconf 87' lang='lat' dir='ltr'>ceterorum</span> 
     </span>
     <span class='ocr_line' id='line_1_37' title="bbox 270 3557 1416 3635; baseline 0.003 -20"><span class='ocrx_word' id='word_1_313' title='bbox 270 3561 416 3617; x_wconf 86' lang='lat' dir='ltr'>erroribus</span> <span class='ocrx_word' id='word_1_314' title='bbox 443 3560 614 3632; x_wconf 89' lang='lat' dir='ltr'>mendisque</span> <span class='ocrx_word' id='word_1_315' title='bbox 644 3560 774 3616; x_wconf 86' lang='lat' dir='ltr'>inillam</span> <span class='ocrx_word' id='word_1_316' title='bbox 797 3560 938 3616; x_wconf 87' lang='lat' dir='ltr'>transisse</span> <span class='ocrx_word' id='word_1_317' title='bbox 959 3562 1051 3618; x_wconf 85' lang='lat' dir='ltr'>videri</span> <span class='ocrx_word' id='word_1_318' title='bbox 1072 3557 1210 3635; x_wconf 89' lang='lat' dir='ltr'>possit¹);</span> <span class='ocrx_word' id='word_1_319' title='bbox 1238 3563 1337 3635; x_wconf 91' lang='lat' dir='ltr'>itaque</span> <span class='ocrx_word' id='word_1_320' title='bbox 1413 3606 1416 3610; x_wconf 81' lang='lat'><strong>.</strong></span> 
     </span>
     <span class='ocr_line' id='line_1_38' title="bbox 269 3641 1337 3717; baseline 0.002 -20"><span class='ocrx_word' id='word_1_321' title='bbox 269 3643 428 3699; x_wconf 88' lang='lat' dir='ltr'>absurdum</span> <span class='ocrx_word' id='word_1_322' title='bbox 453 3660 516 3698; x_wconf 86' lang='lat' dir='ltr'>asse</span> <span class='ocrx_word' id='word_1_323' title='bbox 531 3642 686 3716; x_wconf 89' lang='lat' dir='ltr'>quicquam</span> <span class='ocrx_word' id='word_1_324' title='bbox 709 3641 738 3697; x_wconf 91' lang='lat' dir='ltr'>in</span> <span class='ocrx_word' id='word_1_325' title='bbox 761 3661 795 3697; x_wconf 92' lang='lat' dir='ltr'>eo</span> <span class='ocrx_word' id='word_1_326' title='bbox 816 3642 959 3717; x_wconf 89' lang='lat' dir='ltr'>suspicari</span> <span class='ocrx_word' id='word_1_327' title='bbox 980 3644 1018 3700; x_wconf 91' lang='lat' dir='ltr'>ad</span> <span class='ocrx_word' id='word_1_328' title='bbox 1040 3653 1201 3701; x_wconf 88' lang='lat' dir='ltr'>ceterorum</span> <span class='ocrx_word' id='word_1_329' title='bbox 1224 3663 1337 3700; x_wconf 88' lang='lat' dir='ltr'>errores</span> 
     </span>
     <span class='ocr_line' id='line_1_39' title="bbox 269 3724 1337 3799; baseline 0.003 -21"><span class='ocrx_word' id='word_1_330' title='bbox 269 3724 409 3799; x_wconf 84' lang='lat' dir='ltr'>tegendos</span> <span class='ocrx_word' id='word_1_331' title='bbox 433 3724 593 3780; x_wconf 78' lang='lat' dir='ltr'>lacuna-sve</span> <span class='ocrx_word' id='word_1_332' title='bbox 615 3724 773 3798; x_wconf 86' lang='lat' dir='ltr'>explendas</span> <span class='ocrx_word' id='word_1_333' title='bbox 800 3724 1003 3799; x_wconf 88' lang='lat' dir='ltr'>interpolando</span> <span class='ocrx_word' id='word_1_334' title='bbox 1025 3735 1136 3787; x_wconf 90' lang='lat' dir='ltr'>natum.</span> <span class='ocrx_word' id='word_1_335' title='bbox 1182 3729 1337 3784; x_wconf 89' lang='lat' dir='ltr'>Postremo</span> 
     </span>
     <span class='ocr_line' id='line_1_40' title="bbox 271 3805 1337 3880; baseline 0 -18"><span class='ocrx_word' id='word_1_336' title='bbox 271 3808 305 3862; x_wconf 84' lang='lat' dir='ltr'>ad</span> <span class='ocrx_word' id='word_1_337' title='bbox 319 3826 383 3863; x_wconf 86' lang='lat' dir='ltr'>rem</span> <span class='ocrx_word' id='word_1_338' title='bbox 405 3805 626 3875; x_wconf 88' lang='lat' dir='ltr'>conficiendam,</span> <span class='ocrx_word' id='word_1_339' title='bbox 648 3806 761 3862; x_wconf 86' lang='lat' dir='ltr'>duabus</span> <span class='ocrx_word' id='word_1_340' title='bbox 775 3806 956 3880; x_wconf 81' lang='lat' dir='ltr'>longioribus</span> <span class='ocrx_word' id='word_1_341' title='bbox 970 3808 1101 3880; x_wconf 87' lang='lat' dir='ltr'>partibus</span> <span class='ocrx_word' id='word_1_342' title='bbox 1116 3809 1182 3866; x_wconf 87' lang='lat' dir='ltr'>libri</span> <span class='ocrx_word' id='word_1_343' title='bbox 1194 3808 1337 3865; x_wconf 88' lang='lat' dir='ltr'>XXXIV</span> 
     </span>
     <span class='ocr_line' id='line_1_41' title="bbox 269 3886 1338 3964; baseline 0.001 -20"><span class='ocrx_word' id='word_1_344' title='bbox 269 3899 296 3943; x_wconf 88' lang='lat' dir='ltr'>et</span> <span class='ocrx_word' id='word_1_345' title='bbox 316 3888 449 3944; x_wconf 91' lang='lat' dir='ltr'>XXXV</span> <span class='ocrx_word' id='word_1_346' title='bbox 475 3886 538 3943; x_wconf 90' lang='lat' dir='ltr'>sine</span> <span class='ocrx_word' id='word_1_347' title='bbox 567 3887 625 3944; x_wconf 86' lang='lat' dir='ltr'>ullo</span> <span class='ocrx_word' id='word_1_348' title='bbox 648 3887 754 3944; x_wconf 87' lang='lat' dir='ltr'>dilectu</span> <span class='ocrx_word' id='word_1_349' title='bbox 775 3887 914 3962; x_wconf 88' lang='lat' dir='ltr'>sumptis,</span> <span class='ocrx_word' id='word_1_350' title='bbox 944 3898 1114 3962; x_wconf 84' lang='lat' dir='ltr'>perpetuam</span> <span class='ocrx_word' id='word_1_351' title='bbox 1138 3890 1338 3964; x_wconf 86' lang='lat' dir='ltr'>exemplorum</span> 
     </span>
     <span class='ocr_line' id='line_1_42' title="bbox 271 3969 1339 4044; baseline 0.003 -21"><span class='ocrx_word' id='word_1_352' title='bbox 271 3971 370 4026; x_wconf 86' lang='lat' dir='ltr'>seriem</span> <span class='ocrx_word' id='word_1_353' title='bbox 405 3970 461 4025; x_wconf 92' lang='lat' dir='ltr'>sub</span> <span class='ocrx_word' id='word_1_354' title='bbox 490 3978 675 4043; x_wconf 85' lang='lat' dir='ltr'>conspectum</span> <span class='ocrx_word' id='word_1_355' title='bbox 710 3969 886 4026; x_wconf 87' lang='lat' dir='ltr'>adducemus</span> <span class='ocrx_word' id='word_1_356' title='bbox 919 3971 1176 4044; x_wconf 86' lang='lat' dir='ltr'>ostendemusque,</span> <span class='ocrx_word' id='word_1_357' title='bbox 1210 3982 1237 4028; x_wconf 88' lang='lat' dir='ltr'>et</span> <span class='ocrx_word' id='word_1_358' title='bbox 1268 3979 1339 4044; x_wconf 92' lang='lat' dir='ltr'>quot</span> 
     </span>
     <span class='ocr_line' id='line_1_43' title="bbox 270 4050 1339 4124; baseline 0 -18"><span class='ocrx_word' id='word_1_359' title='bbox 270 4050 391 4107; x_wconf 86' lang='lat' dir='ltr'>aliorum</span> <span class='ocrx_word' id='word_1_360' title='bbox 421 4069 561 4124; x_wconf 85' lang='lat' dir='ltr'>generum</span> <span class='ocrx_word' id='word_1_361' title='bbox 592 4050 696 4107; x_wconf 88' lang='lat' dir='ltr'>menda</span> <span class='ocrx_word' id='word_1_362' title='bbox 725 4052 832 4108; x_wconf 90' lang='lat' dir='ltr'>codicis</span> <span class='ocrx_word' id='word_1_363' title='bbox 858 4051 885 4106; x_wconf 93' lang='lat' dir='ltr'><strong>B</strong></span> <span class='ocrx_word' id='word_1_364' title='bbox 917 4060 945 4106; x_wconf 86' lang='lat' dir='ltr'>et</span> <span class='ocrx_word' id='word_1_365' title='bbox 977 4050 1138 4124; x_wconf 85' lang='lat' dir='ltr'>vulgarium</span> <span class='ocrx_word' id='word_1_366' title='bbox 1174 4052 1339 4108; x_wconf 87' lang='lat' dir='ltr'>communia</span> 
     </span>
     <span class='ocr_line' id='line_1_44' title="bbox 270 4131 1340 4208; baseline -0.001 -20"><span class='ocrx_word' id='word_1_367' title='bbox 270 4133 352 4189; x_wconf 89' lang='lat' dir='ltr'>unius</span> <span class='ocrx_word' id='word_1_368' title='bbox 374 4133 409 4190; x_wconf 92' lang='lat' dir='ltr'>M</span> <span class='ocrx_word' id='word_1_369' title='bbox 438 4151 495 4208; x_wconf 91' lang='lat' dir='ltr'>ope</span> <span class='ocrx_word' id='word_1_370' title='bbox 518 4132 635 4189; x_wconf 90' lang='lat' dir='ltr'>sublata</span> <span class='ocrx_word' id='word_1_371' title='bbox 665 4131 722 4188; x_wconf 91' lang='lat' dir='ltr'>sint</span> <span class='ocrx_word' id='word_1_372' title='bbox 754 4133 832 4203; x_wconf 90' lang='lat' dir='ltr'>(nam</span> <span class='ocrx_word' id='word_1_373' title='bbox 855 4132 989 4206; x_wconf 88' lang='lat' dir='ltr'>proprios</span> <span class='ocrx_word' id='word_1_374' title='bbox 1012 4132 1038 4188; x_wconf 94' lang='lat' dir='ltr'>B</span> <span class='ocrx_word' id='word_1_375' title='bbox 1060 4133 1203 4190; x_wconf 87' lang='lat' dir='ltr'>scribendi</span> <span class='ocrx_word' id='word_1_376' title='bbox 1226 4148 1340 4199; x_wconf 85' lang='lat' dir='ltr'>errores</span> 
     </span>
    </p>
   </div>
   <div class='ocr_carea' id='block_1_3' title="bbox 287 4308 1061 4376">
    <p class='ocr_par' dir='ltr' id='par_1_3' title="bbox 287 4308 1061 4376">
     <span class='ocr_line' id='line_1_45' title="bbox 287 4308 1061 4376; baseline -0.005 -14"><span class='ocrx_word' id='word_1_377' title='bbox 287 4308 312 4368; x_wconf 74' lang='lat'>¹}</span> <span class='ocrx_word' id='word_1_378' title='bbox 336 4315 378 4362; x_wconf 91' lang='lat' dir='ltr'>De</span> <span class='ocrx_word' id='word_1_379' title='bbox 397 4311 528 4372; x_wconf 85' lang='lat' dir='ltr'>XXXIV,</span> <span class='ocrx_word' id='word_1_380' title='bbox 549 4319 590 4370; x_wconf 79' lang='lat'>46,</span> <span class='ocrx_word' id='word_1_381' title='bbox 611 4318 627 4359; x_wconf 76' lang='lat' dir='ltr'>t</span> <span class='ocrx_word' id='word_1_382' title='bbox 646 4310 762 4374; x_wconf 71' lang='lat' dir='ltr'>(iduma)</span> <span class='ocrx_word' id='word_1_383' title='bbox 781 4311 880 4359; x_wconf 85' lang='lat' dir='ltr'>dicetur</span> <span class='ocrx_word' id='word_1_384' title='bbox 898 4313 976 4375; x_wconf 86' lang='lat' dir='ltr'>paulo</span> <span class='ocrx_word' id='word_1_385' title='bbox 994 4320 1061 4376; x_wconf 92' lang='lat' dir='ltr'>post.</span> 
     </span>
    </p>
   </div>
   <div class='ocr_carea' id='block_1_4' title="bbox 0 0 1746 5025">
    <p class='ocr_par' dir='ltr' id='par_1_4' title="bbox 0 0 1746 5025">
     <span class='ocr_line' id='line_1_46' title="bbox 0 0 1746 5025; baseline 0 0"><span class='ocrx_word' id='word_1_386' title='bbox 0 0 1746 5025; x_wconf 95' lang='lat' dir='ltr'> </span> 
     </span>
    </p>
   </div>
  </div>
 </body>
</html>
