3484 5025
513 532 570 589 130
765 531 843 581 Liber
860 531 988 582 xxm.
1024 530 1070 596 (Δ.
1081 546 1108 581 ιι.
1121 546 1143 584 o.
1157 531 1232 596 sss.)

468 715 546 792 quod
578 725 717 773 matrona
748 716 778 772 in
809 716 925 791 publico
957 734 1010 774 vos
1042 725 1208 793 rogassent,
1243 725 1277 776 ut
1309 716 1396 793 legem
1420 716 1451 774 in

467 823 556 879 latam
589 841 642 898 per
672 823 779 880 bellum
812 824 990 899 temporibus
1023 823 1102 881 duris
1133 823 1163 879 iu
1195 841 1269 898 peee
1300 831 1329 880 et
1351 821 1454 881 florenti

437 929 554 986 theate
574 947 607 986 re
627 927 743 1003 publice
763 930 952 1005 abrogaretis.
988 930 1218 1005 Verbsmagns,
1240 946 1306 1005 qua
1324 928 1367 986 rei
1385 945 1454 1004 suge

468 1051 557 1093 causa
577 1034 796 1109 conquirantur,
822 1044 850 1092 et
872 1037 934 1093 haec
955 1043 983 1093 et
1005 1035 1063 1093 alia
1082 1053 1146 1093 esse
1168 1036 1244 1106 sci03
1272 1044 1301 1093 et
1321 1036 1362 1093 Μ.
1382 1032 1454 1095 cae

468 1151 613 1198 oratorem
634 1158 693 1198 non
716 1139 808 1197 solum
831 1160 960 1217 gravem,
983 1142 1034 1199 sed
1055 1142 1201 1200 interdum
1222 1141 1309 1199 etism
1331 1149 1430 1199 trucem

439 1247 573 1303 lecimus
595 1263 709 1317 omues,
742 1266 829 1322 quum
859 1247 974 1323 ingenio
1003 1248 1040 1306 sit
1066 1248 1152 1306 mitis.
1200 1248 1281 1307 Nam
1313 1247 1380 1323 quid
1404 1255 1454 1304 tn

468 1353 537 1409 novi
549 1361 686 1410 matrona
700 1353 838 1424 fecerunt,
853 1353 931 1428 quod
945 1352 1109 1429 frequentes
1123 1353 1153 1411 in
1169 1371 1260 1412 causa
1275 1354 1314 1411 ed
1328 1351 1454 1429 asperti

469 1459 497 1516 in
526 1459 670 1536 publicum
699 1458 919 1533 processerunt?
978 1460 1136 1535 Nunquam
1169 1468 1237 1517 aute
1267 1459 1324 1516 hoc
1355 1469 1454 1534 temp!

469 1566 584 1642 publico
611 1563 827 1640 apparuerunt?
875 1566 956 1623 Tuae
985 1566 1123 1623 adversus
1151 1575 1180 1622 te
1207 1563 1342 1644 Origines
1367 1581 1449 1622 reso

440 1671 594 1749 8Aceipe,
621 1670 733 1745 quoties
753 1669 783 1726 id
804 1669 937 1742 fecerint,
966 1681 995 1729 et
1021 1672 1135 1748 quidem
1162 1689 1278 1747 semper
1300 1672 1376 1728 bono
1393 1672 1454 1745 pu'

468 1780 532 1836 Iam
554 1797 572 1836 a
592 1776 742 1853 principio,
764 1786 903 1851 regnante
920 1779 1055 1848 Romulo,
1076 1795 1174 1853 quum,
1196 1774 1342 1851 Capitolio
1360 1775 1394 1833 ab
1406 1774 1454 1833 Se

469 1894 565 1962 capto,
587 1884 681 1942 medio
691 1883 720 1939 in
731 1882 796 1940 foro
811 1883 900 1959 signis
915 1884 1026 1942 collatis
1042 1883 1234 1953 dimicaretur,
1256 1900 1351 1940 nonne
1364 1882 1454 1938 intem

438 1990 456 2044 9
470 2000 666 2049 matronarum
677 1989 752 2047 inter
761 1988 837 2046 ecies
848 1989 921 2046 duas
934 1988 1065 2063 proelium
1077 1988 1207 2046 sedatum
1222 1987 1285 2047 est?
1307 1984 1454 2060 Quidirq

471 2094 590 2163 exactis,
613 2111 700 2167 quum
712 2093 869 2153 Coriolano
883 2094 995 2152 Marcio
1011 2095 1082 2152 duce
1100 2094 1227 2170 legiones
1240 2094 1408 2152 Volscorum
1433 2107 1454 2148 a

471 2201 509 2258 ad
530 2199 659 2276 quintum
680 2200 805 2276 lapidem
827 2200 1005 2276 posuissent,
1031 2218 1126 2258 nonne
1146 2201 1176 2257 id
1199 2217 1319 2275 agmen,
1344 2218 1397 2275 quo
1419 2195 1454 2254 oh

470 2308 531 2364 haec
561 2307 631 2364 urbs
664 2315 753 2376 esset,
789 2314 928 2362 matrona
960 2305 1146 2363 averterunt?
1210 2306 1275 2364 Iam
1313 2301 1406 2384 [urbe]
1433 2315 1454 2358 et

472 2433 490 2471 a
517 2412 611 2472 Gallis
639 2430 697 2486 quo
725 2410 876 2485 redempta
901 2411 970 2467 urbs
999 2410 1060 2468 est?
1116 2413 1231 2487 Nempe
1260 2430 1361 2470 aurum
1388 2415 1454 2468 matt!

425 2524 459 2577 10
472 2537 612 2577 consensu
634 2519 760 2575 omniurn
782 2519 811 2575 in
832 2518 978 2594 publicum
1000 2519 1189 2581 contulerunt.
1231 2520 1370 2577 Proximo
1384 2514 1454 2607 belltt'¹

473 2625 593 2699 antiqua
613 2633 750 2700 reputem,
772 2642 866 2680 nonne
888 2633 925 2694 et,
948 2643 1035 2699 quum
1058 2624 1179 2700 pecunia
1201 2641 1274 2698 opus
1293 2610 1454 2695 fuit'vidul

473 2730 600 2807 pecuniae
639 2729 811 2787 adiuverunt
848 2730 996 2799 serarium,
1039 2739 1084 2802 et,
1122 2748 1209 2805 quum
1242 2729 1282 2786 dii
1311 2730 1454 2804 'quoquot

474 2837 511 2894 ed
540 2854 625 2911 opem
651 2835 799 2893 ferendam
823 2835 917 2892 dubiis
938 2838 1024 2894 rebus
1046 2844 1272 2906 accerserentur,
1303 2838 1454 2892 mamona!

473 2962 564 3000 versae
585 2942 718 2999 edmero
738 2941 875 3016 profeotae
897 2951 963 2999 sunt
986 2942 1024 2999 ad
1046 2950 1167 2998 matrem
1183 2941 1292 2998 Idaeam
1316 2934 1454 3016 accipiet&

425 3054 456 3107 ll
474 3046 645 3114 Dissimiles,
666 3046 771 3121 inquis,
793 3066 887 3104 oausae
909 3056 983 3105 sunt.
1026 3047 1090 3104 Nec
1112 3045 1181 3103 mihi
1203 3065 1308 3105 causas
1329 3058 1454 3123 sequare}

425 3159 460 3214 12
473 3153 597 3228 positum
625 3162 681 3223 est;
712 3154 782 3211 nihil
810 3154 878 3210 novi
908 3153 1016 3211 fectum
1044 3170 1170 3227 purgare
1198 3153 1269 3210 setis
1299 3162 1352 3214 est.
1395 3149 1454 3210 ceu

473 3260 551 3334 quod
571 3261 601 3317 in
624 3261 709 3318 rebus
731 3259 768 3315 ad
790 3277 890 3315 omnes
911 3259 1033 3333 pariter,
1055 3258 1143 3329 viros,
1163 3257 1306 3330 feminas,
1327 3259 1454 3335 pertinent

473 3365 575 3423 fecisse
606 3383 655 3423 eas
687 3383 771 3421 nemo
804 3364 923 3421 miratus
956 3372 1015 3434 est,
1050 3363 1079 3420 in
1112 3382 1201 3421 causa
1233 3363 1351 3439 proprie
1384 3363 1419 3420 ad
1444 3359 1454 3417 i

426 3478 461 3533 13
473 3471 633 3546 pertinente
647 3469 786 3526 miramur
800 3468 923 3526 fecisse?
971 3469 1047 3543 Quid
1065 3479 1161 3527 autem
1178 3468 1329 3527 fecerunt?
1377 3469 1454 3545 Super

474 3574 685 3645 mediusfidius,
707 3593 791 3633 aures
812 3576 967 3645 hebemus,
995 3574 1035 3646 si,
1066 3594 1153 3650 quum
1175 3575 1284 3633 domini
1306 3594 1448 3633 servorum

475 3682 623 3738 fastidiant
651 3699 764 3756 preces,
795 3699 848 3737 nos
875 3681 973 3755 rogeri
998 3683 1035 3739 ab
1057 3682 1184 3738 honestis
1205 3680 1319 3739 feminis
1340 3682 1454 3758 indigne

382 3789 403 3857 6
476 3787 569 3843 Venio
596 3805 671 3844 nunc
699 3787 736 3843 ad
763 3786 807 3856 id,
839 3788 875 3843 de
900 3805 957 3861 quo
982 3787 1086 3862 agitur.
1133 3788 1169 3844 In
1197 3805 1255 3861 quo
1281 3788 1388 3863 duplex
1410 3806 1454 3846 oon

476 3893 569 3950 oratio
591 3892 659 3962 fuit3
680 3912 747 3950 nam
769 3904 798 3950 et
818 3893 910 3968 legem
928 3893 1015 3950 ullam
1031 3894 1147 3951 omnino
1163 3894 1299 3968 abrogari
1314 3904 1359 3953 est
1372 3895 1454 3972 indigi

474 4010 501 4056 et
517 4018 580 4055 eam
596 3999 739 4074 praecipue
758 3998 860 4073 legem,
883 4017 947 4073 quse
964 3998 1085 4056 luxuries
1103 3999 1250 4057 muliebris
1269 4001 1454 4058 coercenda<

446 4102 538 4161 21ata
569 4113 653 4161 esset.
713 4105 752 4162 Et
779 4105 829 4162 illa
861 4104 1020 4162 communis
1052 4123 1106 4179 pro
1137 4105 1250 4181 legibus
1281 4106 1346 4162 vise
1379 4124 1454 4165 cousi

478 4211 570 4266 oratio
603 4218 660 4281 est,
696 4220 724 4265 et
756 4209 817 4266 haec
850 4210 989 4267 adversus
1017 4210 1159 4268 luxuriam
1191 4211 1382 4269 severissimis
1411 4232 1454 4271 mo

447 4313 680 4383 3conreniebat3
700 4315 800 4389 itaque
819 4316 976 4390 periculum
994 4325 1045 4387 est,
1066 4317 1130 4387 nisi,
1153 4316 1221 4391 quid
1241 4317 1271 4374 in
1285 4326 1411 4394 utraque
1425 4338 1454 4378 re

299 4440 323 4473 k.
