3484 5025
502 500 557 557 136
749 498 827 548 Liber
844 496 970 547 XXXIV.
1007 497 1056 561 (Δ.
1068 511 1095 550 u.
1107 512 1130 547 o.
1143 501 1214 555 ⁵5⁹.)

455 683 580 741 consulis
610 684 833 759 provolvuntur;
868 694 968 754 orant,
999 700 1037 739 ne
1067 700 1098 739 se
1127 673 1158 739 in
1187 684 1275 741 rebus
1302 689 1364 741 tom
1392 684 1489 759 trepidis

425 790 585 859 ddeserat3
611 807 668 864 quo
690 790 765 847 enim
787 807 833 859 se,
856 788 987 865 repulsos
1008 789 1046 845 ab
1066 788 1223 858 Romanis,
1249 787 1364 846 ituros?
1405 777 1490 848 Nulla

424 896 485 953 'lse
505 896 616 967 socios,
640 894 710 951 nihil
732 912 853 969 nequem
875 895 905 951 in
927 896 1010 951 terris
1032 895 1111 951 aliud
1131 893 1194 969 spei
1213 895 1333 953 habere.
1378 885 1497 954 Potniai

454 1021 485 1060 se
506 1011 590 1060 extra
609 1001 640 1058 id
659 1000 816 1075 periculum
839 1018 917 1071 esse,
938 1000 963 1057 si
985 1000 1122 1059 decedere
1141 1001 1207 1078 fide,
1228 1000 1254 1057 si
1274 1000 1425 1058 conierere
1442 1019 1489 1060 cun

454 1108 555 1165 ceteris
581 1107 747 1165 voluissent.
805 1105 902 1164 Nullis
932 1106 1032 1177 minis,
1062 1106 1147 1164 nullis
1178 1104 1321 1163 terriculis
1350 1123 1383 1165 se
1407 1117 1492 1180 motta

424 1214 602 1290 8sperantes
632 1213 702 1270 satis
730 1212 794 1287 opis
819 1221 848 1268 et
874 1211 975 1269 auxilii
1003 1211 1058 1270 sibi
1085 1213 1115 1270 in
1143 1212 1284 1271 Romanis
1312 1229 1386 1273 esse.
1428 1209 1494 1272 Ids'¹

453 1320 562 1377 nullum
590 1320 643 1391 sit,
671 1319 696 1375 ei
726 1318 781 1376 sibi
810 1337 829 1375 a
857 1318 974 1374 consule
995 1331 1129 1393 negetur,
1161 1318 1232 1374 deos
1263 1318 1449 1394 hominesque
1467 1335 1490 1378 n

452 1435 539 1483 testes
560 1424 672 1495 facere,
693 1423 799 1480 invitos
821 1433 850 1481 et
870 1433 986 1481 coactos
1007 1442 1056 1494 se,
1076 1443 1113 1481 ne
1135 1426 1251 1495 eedem,
1273 1442 1339 1500 qum
1360 1423 1493 1502 Sagunffi

452 1531 531 1605 passi
551 1532 617 1601 sint,
638 1531 794 1606 patiantur,
822 1529 984 1587 defecturos
1005 1539 1117 1585 etcum
1139 1528 1241 1586 ceteris
1261 1530 1359 1605 potius
1384 1529 1423 1582 :a
1435 1559 1439 1580 t
1452 1572 1453 1575 ,

358 1634 398 1702 12
452 1655 539 1710 quam
555 1637 634 1694 solos
648 1635 790 1712 perituros
806 1653 879 1692 esse.
922 1634 962 1691 Et
979 1634 1028 1690 illo
1046 1634 1160 1707 quidem
1175 1633 1222 1691 die
1235 1634 1277 1692 sic
1291 1636 1355 1693 aine
1395 1665 1460 1686 mo
1491 1646 1493 1665 ³

452 1742 570 1803 dimissi.
608 1741 762 1799 Consulem
778 1750 871 1810 nocte,
889 1759 954 1815 quae
968 1739 1098 1797 insecuta
1112 1751 1164 1810 est,
1183 1757 1290 1816 anceps
1305 1742 1435 1818 oumegi

421 1847 528 1906 2nolle
544 1849 675 1904 deserere
689 1846 794 1916 socios,
815 1846 892 1903 nolle
909 1846 1036 1903 minuere
1051 1847 1217 1917 exercitum,
1240 1847 1319 1921 quod
1336 1859 1387 1905 ant
1408 1876 1446 1899 aa
1469 1851 1489 1913 J

451 1953 506 2009 sibi
524 1953 563 2010 ad
576 1953 770 2011 dimicandum
791 1963 842 2009 aut
863 1952 892 2008 in
908 1950 1252 2027 dimicando-perieulum
1274 1950 1383 2011 afferre
1411 1983 1448 2004 ·=-.
1485 1989 1486 1993 =

421 2059 518 2119 dstat
544 2060 686 2116 sententia
714 2078 773 2116 nou
802 2059 930 2116 minuere
957 2057 1074 2132 copias,
1104 2076 1141 2114 ne
1168 2057 1239 2131 quid
1268 2058 1386 2119 interim
1421 2089 1455 2112 o>

450 2165 576 2222 inferant
603 2166 782 2240 ignominiae3
810 2164 895 2221 sociis
922 2181 1002 2238 spem
1031 2183 1085 2239 pro
1113 2182 1145 2220 re
1173 2164 1376 2222 ostentandam
1400 2175 1481 2226 camd

420 2280 527 2346 ‹lsoepe
548 2289 625 2327 vana
646 2290 699 2346 pro
720 2272 811 2340 veris,
831 2270 957 2328 maxime
978 2270 1007 2326 in
1028 2269 1119 2340 bello,
1139 2269 1274 2339 valuisse,
1298 2281 1328 2327 et
1348 2273 1442 2329 careda
1464 2314 1466 2318 η
1485 2278 1491 2319 ‘1

450 2397 481 2435 se
503 2377 610 2451 aliquid
636 2378 736 2435 auxilii
759 2378 884 2446 habere,
907 2377 1027 2451 perinde
1048 2385 1136 2451 atque
1158 2376 1294 2445 haberet,
1316 2375 1385 2451 ipsa
1415 2388 1435 2427 f·

421 2490 480 2543 5et
506 2482 650 2558 sperando
680 2494 767 2559 atque
795 2482 928 2541 audendo
957 2490 1113 2539 servatum.
1171 2482 1295 2540 Postero
1329 2482 1378 2541 die
1412 2484 1467 2553 l·-;=
1492 2531 1494 2558 :

450 2589 608 2663 respondit,
630 2607 796 2664 quenquam
817 2598 961 2656 vereatur,
983 2608 1018 2645 ne
1039 2607 1107 2646 suas
1128 2588 1214 2658 vires,
1236 2587 1301 2645 aliis
1317 2607 1370 2647 eas
1386 2609 1441 2648 coe
1476 2591 1495 2612 '‘

451 2693 566 2762 dendo,
594 2693 718 2764 minuat,
749 2703 845 2750 tamen
867 2712 901 2750 se
921 2694 1036 2752 illorum
1057 2695 1196 2770 temporis
1216 2711 1252 2750 ac
1272 2695 1398 2769 periculi
1428 2694 1496 2760 «εἶ’

420 2806 538 2875 liquem
567 2798 611 2855 sui
639 2799 780 2857 rationem
806 2799 923 2856 hebere.
968 2799 1140 2856 Denuntiari
1167 2799 1288 2856 militum
1319 2803 1399 2875 parti
1493 2805 1496 2826 ²

451 2925 488 2962 ex
507 2904 639 2962 omnibus
657 2903 823 2961 cohortibus
832 2903 922 2977 iubet,
939 2915 971 2963 ut
982 2907 1086 2975 cibum,
1107 2924 1192 2980 quem
1206 2905 1236 2962 in
1249 2924 1341 2963 naves
1353 2907 1442 2985 impo
1462 2938 1463 2951 π
1496 2919 1497 2930 ’

421 3018 435 3070 7
449 3021 562 3068 mature
573 3020 708 3084 coquant,
723 3028 869 3085 navesque
883 3011 913 3067 in
926 3011 1001 3067 diem
1014 3010 1128 3068 tertium
1146 3011 1275 3087 expediri
1288 3011 1383 3071 iussit.
1437 3025 1446 3065 t
1460 3045 1476 3060 n
1492 3045 1495 3054 =-

450 3137 487 3174 ex
507 3117 611 3193 legatis
631 3115 765 3190 Bilistagi
786 3127 874 3192 atque
894 3116 1065 3191 Ilergetibus
1085 3117 1218 3186 nuntiare
1239 3136 1275 3174 ea
1295 3117 1392 3191 iubet3
1429 3120 1471 3170 «Ἀ
1493 3147 1495 3150 ·

420 3223 541 3300 droguli
562 3224 682 3282 comiter
701 3223 836 3280 habendo
857 3233 886 3280 et
907 3222 1071 3279 muneribus
1092 3221 1170 3297 apud
1193 3240 1224 3279 se
1244 3224 1359 3284 retinet.
1438 3252 1458 3293 af,

449 3350 508 3387 non
530 3340 597 3387 ante
617 3328 753 3404 profecti,
781 3347 869 3403 quam
896 3328 1047 3404 impositos
1074 3328 1104 3384 in
1125 3346 1215 3385 naves
1238 3327 1344 3387 milites
1368 3332 1434 3390 uda
1452 3359 1469 3380 u

449 3438 485 3495 Id
511 3455 565 3512 pro
588 3435 667 3491 haud
688 3434 776 3491 dubio
796 3434 855 3491 iam
877 3434 1039 3491 nuntiantes
1060 3452 1118 3490 non
1141 3452 1208 3491 euos
1231 3434 1329 3507 modo,
1351 3438 1403 3495 sed
1421 3437 1511 3495 edre·

356 3534 395 3602 13
448 3544 546 3600 hostes
572 3540 653 3599 fama
673 3539 798 3598 Romani
821 3539 921 3596 auxilii
941 3539 1122 3596 adventantis
1143 3539 1344 3615 impleverunt.
1391 3538 1504 3609 Coml..

449 3648 606 3718 abissus,
636 3647 714 3721 quod
741 3646 771 3702 in
792 3645 916 3720 speciem
936 3643 1006 3716 fuit,
1035 3656 1207 3703 ostentatum
1229 3658 1288 3719 est,
1317 3650 1447 3709 revocari
1462 3664 1496 3705 ax·
1509 3666 1518 3719 ‘3

448 3753 571 3811 navibus
592 3752 695 3809 milites
715 3751 803 3811 iubet.

418 3857 435 3912 2
532 3860 616 3934 Ipse,
648 3877 736 3932 quum
758 3859 816 3915 iem
837 3857 867 3914 id
889 3868 1002 3932 tempus
1024 3858 1090 3914 anni
1112 3866 1275 3933 appeteret,
1300 3878 1360 3935 quo
1380 3861 1439 3938 geri
1454 3862 1502 3917 η’

448 3975 575 4042 possent,
591 3976 687 4023 castra
702 3959 851 4041 [hiberna]
865 3963 921 4019 tria
934 3963 1023 4020 millis
1036 3982 1173 4039 passuum
1192 3965 1229 4022 ab
1243 3965 1390 4041 Emporiis
1402 3960 1494 4043 ped

449 4072 522 4129 Inde
542 4091 594 4147 per
608 4071 774 4128 occasiones
795 4087 870 4126 nunc
890 4071 946 4127 hac
962 4079 1053 4145 parte,
1074 4087 1149 4126 nunc
1162 4068 1222 4139 illa,
1244 4071 1360 4129 modico
1374 4050 1501 4148 prust·

449 4179 551 4235 castris
582 4177 699 4252 relicto,
729 4166 889 4252 praedatum
921 4175 1023 4233 milites
1054 4175 1083 4232 in
1103 4175 1229 4232 hostium
1259 4195 1348 4252 agros
1369 4176 1494 4241 duales

419 4281 533 4341 3nocte
553 4282 644 4341 ferme
665 4282 934 4358 proficiscebantur,
960 4295 993 4338 ut
1018 4272 1047 4339 et
1067 4299 1154 4356 quem
1176 4281 1343 4358 longissime
1367 4272 1506 4342 aculffl'
