3484 5025
627 494 705 546 tiber
728 494 786 546 xa.
810 494 861 559 (a.
875 493 936 546 cur.
950 494 1019 556 rao.)
1247 497 1303 560 att

290 692 348 749 est,
369 700 429 739 rem
451 680 595 756 publicam
618 677 945 749 administraturum-si
966 679 1092 738 deducat
1111 694 1208 738 secum
1228 678 1350 737 Flaoous

291 787 432 862 legiones,
453 788 519 845 loca
533 796 639 863 pacata
659 805 705 843 me
725 786 763 844 ad
776 785 963 846 hibernacula
976 785 1114 844 lecturum
1136 804 1230 860 neque
1243 804 1350 844 novum
1417 810 1421 819 ⁴

295 893 415 950 militem
436 891 616 969 ferocissimo
640 892 717 950 hosti
739 891 947 953 obiectumst
996 893 1125 969 Legatos
1151 892 1188 952 ad
1209 910 1265 962 aa,
1287 909 1351 965 quse
1362 925 1371 962 2
1388 886 1473 979 db„
1500 916 1504 925 ’

293 999 489 1075 interrogatus
510 1003 581 1066 mat,
602 996 765 1071 respoudit,
786 1015 880 1072 neque
901 1015 933 1055 se
953 1016 1046 1073 neque
1067 1008 1241 1073 quemquam
1264 996 1350 1054 alium

293 1103 427 1161 divinare
445 1121 548 1179 posse,
577 1102 646 1177 quid
675 1102 703 1159 in
733 1102 829 1160 auimo
852 1102 989 1164 Celtiberi
1005 1105 1160 1163 'baberent
1178 1115 1236 1164 aut
1264 1122 1393 1179 porruftg

294 1209 423 1267 habituri
452 1218 553 1268 esseut.
595 1208 700 1283 Itaque
721 1224 828 1284 negare
858 1227 916 1279 uon
946 1228 1047 1285 posse,
1077 1210 1146 1284 quin
1170 1210 1278 1270 rectius
1306 1210 1382 1279 siti

295 1315 383 1372 etiam
414 1315 451 1372 ad
480 1324 602 1403 paqatos
628 1316 786 1385 barbaros,
813 1315 941 1399 nondum
971 1316 1043 1372 satis
1070 1324 1205 1374 assuetos*
1221 1314 1352 1389 imperio,

294 1420 453 1478 exercitum
483 1420 565 1480 mitti.
622 1421 710 1480 Novo
738 1432 834 1480 autem
861 1440 900 1478 an
927 1430 1024 1479 vetere
1051 1420 1177 1480 menduc
1204 1439 1276 1497 opus
1290 1421 1352 1496 „sia
1365 1426 1394 1483 3·

294 1526 358 1584 eius
378 1544 442 1583 esse
463 1525 574 1598 dicere,
603 1526 653 1601 qui
673 1528 747 1585 scire
769 1498 877 1603 poisit,
907 1546 966 1603 qua
986 1527 1042 1585 fide
1064 1526 1199 1588 Celtiberi
1226 1527 1256 1586 iu
1280 1546 1353 1604 pace

296 1631 426 1689 mansuri
446 1632 517 1702 sint,
538 1631 624 1690 simul
645 1642 674 1690 et
695 1632 744 1707 qui
765 1633 836 1692 illud
856 1633 1038 1709 exploratum
1060 1634 1182 1703 hebeat,
1203 1633 1352 1708 quieturos
1429 1625 1432 1648 ¹

297 1739 418 1807 milites,
448 1738 473 1795 si
494 1738 600 1796 diutius
627 1738 658 1795 in
679 1739 829 1814 provincia
849 1740 1036 1799 retineant-ur.
1083 1738 1116 1799 Si
1137 1760 1175 1800 ex
1193 1761 1245 1811 eo,
1274 1721 1383 1817 quodb

295 1855 347 1902 aut
368 1845 442 1901 inter
462 1861 495 1901 se
514 1844 670 1918 loquantur
691 1857 741 1902 aut
754 1844 1026 1903 succlamationibus
1047 1847 1126 1922 apud
1139 1849 1351 1914 contionantem
1437 1879 1441 1889 ‹

295 1951 500 2026 imperatorem
515 1949 684 2024 significent,
707 1949 776 2024 quid
789 1951 924 2021 sentiant,
946 1951 1163 2013 coniectandum
1186 1954 1232 2033 sit,
1254 1954 1351 2030 palam

296 2055 472 2114 vociferatos
494 2073 566 2126 esse,
590 2066 641 2113 ant
660 2056 863 2132 imperatorem
890 2058 920 2115 in
950 2058 1100 2133 prouincia
1119 2068 1282 2119 retenturos
1303 2069 1354 2117 aut

295 2181 361 2219 cum
385 2180 419 2220 eo
441 2162 470 2219 in
491 2161 606 2220 Italiam
629 2172 766 2220 venturos
788 2180 859 2222 esse.
907 2162 1154 2239 Disceptationem
1181 2166 1256 2224 iuter
1277 2172 1383 2241 prm-5

295 2277 389 2324 torem
412 2268 597 2343 legatumque
618 2268 767 2326 consulum
788 2268 891 2327 ralatio
911 2268 1073 2344 interrupit,
1095 2270 1144 2344 qui
1165 2288 1243 2329 suas.
1255 2273 1352 2331 ornari

295 2372 479 2450 prouincias,
505 2373 674 2449 priusquam
701 2372 742 2430 do
759 2374 1039 2449 praetoris'exeroitu
1061 2386 1211 2449 ageretur,
1234 2396 1352 2452 ,oequum

297 2475 463 2538 censebant.
519 2480 623 2538 Novus
655 2479 748 2537 omnis
777 2480 920 2541 exercitos
946 2480 1111 2540 oonsulibus
1143 2493 1187 2541 est
1212 2483 1383 2557 decretus,d

296 2587 373 2644 binae
401 2587 529 2663 legiones
549 2585 690 2656 Romane
718 2604 783 2644 oum
812 2605 865 2644 suo
894 2585 1040 2662 equitatu,
1069 2597 1098 2644 et
1124 2589 1233 2648 socium
1256 2591 1353 2650 Latini

295 2692 431 2762 nominis,
453 2698 577 2766 quantus
601 2699 716 2766 semper
740 2709 895 2763 numerus,
922 2691 1083 2767 quindecim
1105 2693 1194 2752 millia
1215 2695 1353 2770 peditum,

296 2797 455 2872 octingenti
488 2795 612 2871 equites3
642 2814 707 2853 cum
736 2797 792 2856 hoo
820 2798 948 2856 exercitu
975 2799 1110 2874 Apuanis
1140 2801 1296 2877 Liguribus
1322 2808 1383 2863 uti

297 2903 406 2967 bellum
428 2903 582 2971 inferrent,
610 2902 777 2979 mandatum
807 2915 860 2964 ast.
909 2905 945 2965 P.
971 2901 1106 2969 Cornelio
1133 2915 1162 2963 et
1189 2907 1231 2966 M.
1252 2908 1353 2967 Baebio

297 3019 488 3085 prorogatum
509 3007 670 3082 imperium,
690 3007 817 3083 iussique
831 3009 995 3084 provincias
1015 3010 1153 3082 obtinere,
1174 3012 1266 3071 donec
1287 3031 1354 3072 con·

296 3114 377 3172 eules
405 3114 566 3183 venissent,
594 3124 655 3172 tum
683 3114 855 3190 imperatum
885 3125 917 3173 ut
938 3115 1073 3188 dimisso,
1100 3135 1184 3192 quem
1206 3119 1355 3190 haberent,

298 3221 427 3280 exercitu
459 3220 671 3278 reverterentur
701 3221 838 3279 Romam.
909 3221 957 3279 De
988 3221 1035 3280 Ti.
1068 3222 1232 3299 Sempronii
1253 3225 1386 3288 deinde8
1436 3284 1439 3293 ,

295 3327 428 3397 ‚exercitu
453 3336 548 3384 actum
577 3335 628 3386 est.
648 3346 651 3351 ·
671 3327 790 3384 Novam
810 3325 954 3400 legionem
983 3327 1009 3385 ei
1032 3327 1158 3403 quinque
1179 3330 1298 3389 millium
1328 3341 1357 3393 ot

300 3434 490 3491 ducentorum
526 3431 653 3507 peditum
691 3450 756 3491 cnm
793 3431 936 3506 equitibus
975 3435 1190 3511 quadringentis
1225 3437 1356 3521 consules

301 3539 428 3606 scribere
447 3536 533 3605 iussi,
566 3547 594 3594 et
622 3538 701 3595 mille
721 3546 861 3612 practerea
885 3537 1012 3612 peditum
1033 3540 1246 3611 Romanorum,
1272 3541 1357 3619 quinss

302 3645 444 3720 quaginta
472 3643 599 3719 equites,
628 3655 656 3702 ot
682 3645 769 3711 sociis
797 3644 921 3702 nominis
949 3644 1046 3702 Latini
1076 3645 1219 3720 imperare
1247 3653 1387 3723 reptent

302 3750 393 3809 millia
410 3749 547 3825 peditum,
565 3759 706 3809 nocentes
718 3751 841 3826 equitem
860 3769 925 3809 cum
943 3751 999 3807 hoo
1012 3742 1139 3809 exercitu
1150 3752 1314 3828 placuit'ire
1330 3755 1358 3814 iu

301 3855 477 3929 Hispaniam
491 3855 650 3914 citeriorem
666 3856 713 3914 Ti.
727 3855 938 3931 Sempronium.
961 3855 996 3929 Q.
1006 3857 1112 3915 ‘Fulvio
1123 3859 1303 3933 permissum,
1318 3869 1359 3933 ut,
1374 3866 1411 3922 to

303 3960 354 4034 qui
362 3960 464 4018 milites
472 3971 540 4019 ante
547 3961 598 4039 Sp.
603 3962 794 4028 Postumium,
806 3961 991 4035 QMarnium
998 3963 1139 4034 consules,
1150 3964 1227 4023 ciras
1235 3966 1361 4029 Romani

302 4066 420 4137 sociive,
431 4066 460 4123 in
471 4068 643 4144 Hispaniam
655 4067 842 4144 transportati
853 4077 956 4138 assent,
968 4079 997 4125 et
1004 4078 1151 4143 praeterea,
1162 4071 1361 4146 supplemento

304 4170 439 4239 adducto,
462 4190 519 4246 quo
542 4173 664 4249 amplius
686 4174 714 4229 iu
733 4173 847 4231 duabus
860 4173 1024 4248 legionibus
1043 4191 1129 4249 quam
1152 4175 1249 4241 decem
1265 4179 1362 4260 ¹millia

304 4286 333 4332 et
366 4276 568 4366 quadringenti
600 4277 724 4351 pedites,
759 4279 888 4344 sexcenti
923 4280 1034 4354 equitas
1066 4290 1162 4338 essent
1192 4292 1220 4339 et
1247 4284 1361 4344 ,socium
1380 4291 1419 4345 lt.

332 4388 396 4426 Livius
411 4401 435 4426 ex
450 4401 488 4426 rec.
505 4388 602 4436 ttrdvtgit.
630 4389 663 4427 Vl.
698 4427 700 4431 ,
1133 4391 1164 4435 lb
