3484 5025
560 492 773 554 atterxxxvr.
803 505 851 565 (A.
865 502 928 553 our.
948 505 1019 568 rar.)
1248 510 1282 563 15

277 688 315 746 Ab
324 689 501 746 Thaumacis
519 690 611 747 altero
631 691 678 748 die
696 692 795 750 consul
811 691 849 747 ad
861 690 1039 767 Spercheum
1051 708 1164 746 amnem
1181 689 1325 764 pervenit;
1345 690 1376 741 15

277 791 330 852 inda
349 794 559 870 Hypataeorum
583 814 670 871 agros
691 798 827 853 vastavit.

345 900 440 973 Quum
462 900 526 957 haec
547 902 717 976 agebantur,
739 900 877 959 Chalcide
899 911 962 959 erat
982 901 1162 969 Antiochus,
1184 902 1241 958 iam
1265 909 1324 958 tum
1381 888 1419 959 15

276 1017 393 1075 mena,
421 1005 493 1062 nihil
520 1023 552 1062 se
575 1025 612 1062 ex
634 1006 751 1065 Graecia
779 1019 883 1081 praeter
910 1026 1024 1065 amoena
1046 1001 1185 1063 Chalcide
1204 1006 1325 1064 hiberna

277 1115 305 1164 d
321 1109 438 1168 infames
465 1112 583 1186 nuptias
610 1112 726 1187 petisse.
770 1114 855 1170 'suna
882 1113 1048 1171 AEtolorum
1076 1130 1154 1168 vana
1182 1112 1325 1185 promissa

276 1207 392 1273 ‘namara
419 1229 448 1273 et
473 1218 654 1287 Thoantem,
687 1218 882 1275 Hannibalem
911 1237 982 1277 vero
1011 1237 1070 1275 non
1098 1226 1130 1274 ut
1156 1212 1356 1291 prudentem2

276 1323 371 1386 *ntum
392 1322 505 1393 virum,
526 1324 578 1379 sed
598 1342 690 1398 prope
713 1334 808 1381 vatem
832 1324 977 1394 omnium,
1000 1342 1064 1398 quoe
1087 1334 1147 1380 tum
1170 1325 1326 1393 evenirent,

276 1422 407 1492 Umirari
437 1428 487 1485 Ne
498 1440 595 1487 tamen
606 1439 715 1487 temere
725 1439 820 1504 coepta
831 1429 955 1503 segnitia
965 1430 1082 1505 insuper
1093 1439 1242 1499 everteret,
1253 1449 1326 1486 nun·

275 1517 321 1596 [tt
334 1532 362 1590 in
378 1534 630 1613 AEtoliam1misit,
645 1544 685 1606 ut,
703 1534 782 1593 omni
798 1543 948 1592 contracta
963 1536 1121 1603 iuventute,
1141 1535 1327 1592 convenirent

275 1625 408 1709 'aniam
427 1649 456 1697 et
472 1640 536 1715 ipse
552 1659 588 1697 eo
604 1641 704 1698 decem
722 1639 812 1697 millia
828 1638 890 1696 fere
901 1632 1028 1715 peditum
1045 1659 1081 1697 ex
1095 1639 1140 1708 iis,
1160 1640 1208 1712 qui
1225 1634 1356 1715 postca3

275 1747 399 1801 haram
424 1763 462 1801 ex
487 1746 577 1815 Asia,
610 1745 726 1821 expleta
747 1754 776 1801 et
797 1745 908 1819 equites
931 1745 1103 1820 quingentos
1125 1737 1215 1801 duxit.
1261 1741 1357 1816 Quo‘l

275 1853 348 1914 flam
369 1849 523 1923 aliquanto
549 1850 701 1923 pauciores
724 1868 812 1923 qnam
845 1870 972 1925 unquam
1002 1861 1089 1907 antea
1118 1850 1327 1914 convenissent,

275 1941 454 2030 lprincipes
476 1955 677 2011 tantummodo
708 1956 902 2030 campaneis
930 1956 1079 2013 clientibus
1101 1969 1212 2026 essent,
1240 1961 1327 2032 atquc

275 2047 446 2130 ldicerent,
477 2061 576 2118 omnia
603 2060 704 2117 sedulo
729 2062 766 2118 ab
788 2080 819 2118 se
842 2060 935 2129 facta,
966 2068 1106 2134 utquam
1129 2061 1269 2134 plurimos
1291 2081 1328 2119 ex

274 2154 426 2224 mantus
456 2165 517 2227 suis
547 2175 717 2236 evocarent;
757 2186 810 2224 nec
840 2166 1013 2223 auctoritate
1048 2183 1101 2221 nec
1142 2167 1238 2240 gratia
1275 2167 1358 2224 nec5

274 2271 380 2346 aperio
418 2272 560 2328 adversus
598 2271 790 2328 detrectantes
828 2271 959 2328 militiam
995 2270 1138 2340 valuisse,
1176 2272 1328 2329 destitutus

274 2373 386 2450 edique
414 2385 445 2433 et
472 2377 510 2433 ab
538 2376 614 2447 suis,
645 2377 695 2450 qui
726 2377 916 2433 morabantur
942 2377 972 2434 in
993 2376 1083 2445 Asia,
1113 2385 1142 2432 et
1169 2378 1206 2433 ab
1233 2378 1329 2448 sociis,

274 2475 306 2541 Ιί
333 2499 389 2553 ea,
423 2481 453 2540 in
477 2499 601 2556 quorum
623 2498 705 2558 spem
728 2490 920 2551 vocaverant,
947 2499 1006 2539 non
1028 2482 1220 2557 prestabant,
1252 2482 1328 2540 intra

274 2580 363 2645 rtrum
381 2587 649 2663 Thermopylarum
666 2606 730 2646 sese
744 2587 861 2662 recepit.
898 2587 932 2644 Id
947 2587 1055 2662 iugum,
1071 2588 1145 2645 sicut
1161 2590 1329 2665 Appennini
1342 2589 1359 2642 6

274 2700 346 2750 mo
375 2691 467 2750 Italia
494 2691 647 2761 dividitur,
679 2692 723 2749 ita
755 2692 881 2748 mediam
909 2691 1054 2750 Graeciam
1084 2692 1201 2751 dirimit.
1252 2695 1358 2753 Antel

274 2790 364 2855 altum
399 2797 666 2872 Thermopylarum
703 2798 733 2854 in
769 2796 993 2872 septentrionem
1031 2815 1118 2854 versa
1156 2801 1263 2876 Epirus
1303 2811 1332 2858 et

274 2902 433 2985 [errhaebia
465 2913 494 2958 et
515 2903 669 2976 Magnesia
700 2912 728 2960 et
751 2902 906 2960 Thessalia
938 2912 982 2959 est
1012 2912 1041 2960 et
1062 2904 1207 2962 Phthiota
1228 2908 1330 2964 Achai

273 3014 280 3063 1
309 3008 394 3065 sinus
416 3007 575 3077 Maliacus;
602 3008 680 3065 intra
707 3007 807 3064 fauces
836 3007 875 3062 ad
897 3008 1044 3065 meridiem
1066 3018 1190 3083 vergunt
1211 3009 1362 3069 AEtolioe8
1457 3046 1461 3053 -

273 3118 327 3173 m
354 3112 455 3169 maior
486 3123 515 3169 et
537 3112 709 3171 Acarnania
738 3123 767 3195 et
793 3131 857 3169 cum
882 3113 1007 3170 Locride
1028 3114 1136 3172 Phocis
1162 3124 1191 3171 et
1216 3115 1332 3173 Boeotia

273 3208 459 3290 directaque
491 3218 587 3276 insula
619 3219 733 3276 Euboea
766 3227 809 3285 et,
848 3227 1019 3274 excurrente
1057 3219 1086 3274 in
1126 3220 1214 3276 altum
1253 3221 1332 3278 velut

273 3322 480 3390 'omuntorim
512 3323 615 3380 Attica
640 3331 734 3390 terra,
768 3322 825 3378 sita
853 3321 891 3378 ab
920 3330 1017 3396 tergo,
1050 3333 1078 3380 et
1103 3323 1331 3396 Peloponnesus.

273 3416 325 3487 loc
354 3426 458 3502 iugum
489 3428 527 3484 ab
555 3428 684 3484 Leucate
715 3436 744 3484 et
775 3426 848 3483 mari
881 3426 918 3482 ad
951 3428 1128 3485 occidentem
1162 3445 1247 3484 verso
1280 3429 1362 3502 per9

273 3520 406 3591 ffitoliam
431 3532 470 3589 ad
491 3532 614 3589 alterum
636 3550 718 3591 mare
739 3531 842 3588 orienti
864 3531 1008 3588 obiectum
1029 3533 1149 3589 tendens
1164 3551 1201 3588 ca
1216 3543 1333 3607 aspreta

273 3644 408 3713 [pesque
434 3636 602 3694 interiectas
627 3637 732 3705 habet,
765 3645 796 3692 ut
822 3632 881 3692 non
908 3638 995 3693 modo
1024 3637 1181 3704 exercitus,
1213 3636 1265 3692 sed
1296 3656 1332 3693 ne

273 3741 390 3817 :pediti
424 3741 542 3815 quidem
575 3742 661 3800 facile
696 3740 770 3798 ullas
803 3741 841 3796 ad
873 3742 1025 3799 transitum
1057 3742 1145 3799 calles
1175 3742 1332 3799 inveniant.

273 3840 421 3907 'ttremos
451 3847 490 3903 ad
517 3847 657 3904 orientem
685 3853 798 3902 montes
819 3846 922 3901 OEtam
951 3856 1074 3917 vocant,
1103 3866 1225 3922 quorum
1255 3849 1384 3921 quodid

272 3941 435 4013 &animm
470 3961 529 4020 est,
562 3951 762 4010 Callidromon
794 3950 976 4024 appellatur,
1011 3954 1040 4008 in
1073 3952 1153 4008 cuius
1187 3952 1264 4008 valle
1296 3953 1334 4008 ad

272 4048 424 4117 [thaeum
446 4057 543 4113 sinum
565 4064 703 4130 vergente
729 4055 784 4112 iter
810 4065 854 4111 est
881 4073 940 4111 non
960 4047 1047 4111 lat-ius
1073 4073 1159 4128 quam
1182 4056 1336 4130 sexaginta

272 4174 375 4221 usus.
424 4161 498 4216 Haec
521 4179 580 4216 una
602 4158 734 4215 militaris
756 4158 805 4214 via
826 4167 884 4227 est,
910 4177 969 4232 qua
990 4160 1104 4216 traduci
1125 4160 1284 4231 exercitus,
1311 4160 1336 4217 si
1351 4167 1385 4221 11

272 4282 314 4327 ou
334 4265 561 4344 prohibeantur,
584 4262 705 4338 possint.
748 4252 820 4319 Ideo
835 4261 918 4336 Pylae
940 4271 968 4318 et
990 4264 1028 4319 ab
1050 4263 1129 4331 aliis,
1153 4265 1221 4338 quia
1236 4264 1336 4321 calidae
1352 4269 1387 4327 12
