3484 5025
478 519 533 576 122
731 516 810 566 Liber
825 515 953 570 XXXIII.
989 516 1110 578 (A.u.c.
1123 514 1196 578 tto.)

435 703 540 776 (neque
568 701 643 759 enim
670 701 791 759 civiliter
820 701 917 758 nimiis
942 701 1044 776 opibus
1066 701 1235 773 utebantur)
1265 709 1376 774 praetor
1401 697 1473 757 iacui

403 806 581 866 4Haunibal
606 806 710 863 vocari
739 805 775 862 ad
806 823 838 863 se
868 819 1038 881 quaestorem
1071 807 1162 869 iussit.
1209 806 1356 879 Quaestor
1383 805 1413 862 id
1437 823 1474 880 pro

433 911 521 970 nihilo
552 912 668 980 habuit;
703 930 771 968 uam
805 924 837 967 et
861 912 992 971 adversa
1016 913 1151 972 factionis
1180 919 1248 969 erat
1279 919 1327 981 et,
1362 910 1427 985 quia
1450 929 1474 967 er

434 1027 578 1091 quaestura
598 1017 628 1074 in
648 1016 766 1086 iudices,
786 1019 1014 1093 potentissimum
1037 1019 1184 1085 ordinem,
1212 1016 1417 1086 referebatur,
1435 1016 1474 1074 iar

405 1128 487 1198 bpro
507 1122 611 1180 futuris
632 1141 701 1180 mox
723 1123 826 1197 opibus
847 1124 959 1181 animos
980 1126 1109 1201 gerebat.
1161 1122 1328 1182 Enimvero
1350 1121 1474 1197 indignus
1520 1147 1522 1162 ι

434 1228 464 1285 id
486 1238 566 1285 ratus
587 1228 736 1285 Hannibal
763 1229 902 1287 viatorem
933 1230 1187 1307 adprendendum
1208 1238 1392 1304 quaestorem
1413 1226 1473 1296 mut

434 1333 662 1407 subductumque
687 1335 717 1391 iu
746 1335 907 1393 contionem
937 1355 996 1393 non
1016 1337 1110 1413 ipsum
1135 1336 1230 1410 magis
1252 1353 1349 1410 quam
1371 1334 1473 1392 umbros

434 1440 575 1511 indicum,
605 1459 664 1515 prm
685 1458 806 1515 quorum
830 1442 965 1516 superbia
986 1451 1073 1516 atquc
1094 1442 1197 1517 opibus
1223 1459 1282 1498 uec
1309 1441 1396 1517 leges
1419 1440 1473 1516 quit·

406 1554 522 1621 6quam
555 1558 649 1604 essent
683 1528 736 1603 nec
769 1548 968 1622 magistratus,
1002 1548 1156 1606 accusavit
1216 1546 1260 1604 Et
1296 1555 1332 1604 ut
1368 1545 1474 1604 secun&
1520 1561 1522 1582 ³

436 1654 552 1710 auribus
574 1652 665 1727 accipi
687 1653 845 1710 orationem
868 1655 1088 1722 animadvertit,
1120 1662 1148 1709 et
1178 1652 1353 1709 infimorum
1386 1667 1474 1728 qnoqrt

435 1758 560 1816 libertati
595 1777 714 1835 gravem
752 1777 814 1816 esse
850 1760 1015 1835 superbiam
1052 1778 1168 1829 eorum,
1213 1757 1310 1833 legem
1353 1757 1473 1834 extemb

407 1863 630 1939 ipromulgarit
642 1864 822 1939 pertulitque,
844 1874 876 1922 ut
896 1864 926 1921 iu
949 1865 1077 1939 singulos
1095 1882 1187 1922 annos
1200 1863 1314 1921 iudices
1326 1863 1474 1940 legareull,

435 1986 490 2024 neu
514 1969 577 2042 quis
598 1969 741 2027 biennium
764 1972 928 2028 continuum
950 1971 1038 2027 iudex
1059 1978 1141 2028 esset.
1191 1966 1331 2026 Ceterum
1362 1976 1474 2043 quauta!

437 2092 472 2130 eo
499 2072 577 2131 facto
605 2076 642 2132 ad
669 2076 781 2152 plebem
807 2078 911 2135 inierat
938 2078 1077 2152 gratiam,
1112 2084 1222 2132 tantum
1258 2092 1381 2150 magnae
1410 2071 1475 2150 parti

406 2179 595 2255 8principum
628 2180 788 2239 offenderat
819 2184 941 2244 animos.
990 2182 1106 2240 Adiecit
1137 2190 1166 2238 et
1195 2181 1292 2251 aliud,
1330 2199 1394 2257 quo
1424 2182 1476 2240 bu

435 2286 550 2362 publico
575 2286 630 2344 sibi
656 2289 790 2364 proprias
811 2288 970 2345 simultates
990 2287 1124 2347 irritavit.
1180 2286 1355 2363 Vectigalia
1387 2285 1477 2363 pnblu

436 2393 540 2467 partim
574 2394 747 2469 negligentia
785 2393 999 2463 dilabebantur,
1042 2394 1146 2469 partim
1180 2393 1288 2469 praedm
1322 2411 1364 2450 ac
1399 2389 1478 2450 diriu'

406 2499 596 2575 llprincipum
619 2501 789 2575 quibusdam
812 2509 840 2558 et
861 2500 1076 2576 magistratibus
1098 2508 1196 2568 erant,
1218 2508 1247 2556 et
1269 2501 1419 2575 pecunie,
1438 2516 1480 2575 q·

436 2605 467 2661 in
487 2606 658 2681 stipendium
680 2606 819 2683 Romanis
849 2624 902 2663 suo
930 2626 1045 2681 quoque
1068 2624 1144 2662 anno
1167 2605 1365 2680 ponderetur,
1398 2608 1478 2675 desid

341 2710 385 2778 47
437 2711 631 2786 tributumque
663 2730 754 2786 grave
789 2713 910 2787 privatis
943 2712 1091 2768 imminere
1125 2711 1289 2772 videbatur.
1352 2708 1481 2772 Hauriat

436 2825 599 2890 postquam,
620 2818 772 2892 vectigalia
795 2829 905 2892 quanta
924 2819 1069 2876 terrestria
1085 2817 1289 2890 maritimaque
1307 2832 1413 2878 essem
1429 2816 1481 2879 αἱ

438 2939 509 2995 quas
529 2940 576 2979 ras
597 2932 792 2997 erogarentur,
814 2923 1024 2991 animadvertit,
1049 2935 1077 2980 et
1098 2925 1166 2998 quid
1185 2918 1483 2983 eorum-ordinariiru'

345 3033 349 3042 '
407 3026 558 3101 2publicoe
571 3044 640 3083 usus
655 3039 862 3096 consumerent,
878 3040 1016 3102 quantum
1031 3031 1179 3105 peculatus
1193 3039 1354 3102 averteret,
1371 3030 1483 3089 ommis

436 3131 557 3188 residuis
569 3132 695 3206 pecuniis
707 3135 825 3205 exactis,
840 3135 948 3192 tributo
959 3135 1079 3209 privatis
1090 3135 1219 3205 remisso,
1240 3135 1316 3192 satis
1325 3136 1484 3214 locuplet·

437 3256 497 3294 rem
512 3237 655 3312 publicam
670 3237 734 3295 fore
749 3239 788 3295 ad
800 3241 923 3316 vectigal
939 3241 1132 3316 praestandum
1143 3240 1284 3297 Romanis
1299 3238 1486 3317 pronunbrtl

408 3342 467 3404 3in
485 3343 625 3413 contione,
648 3353 676 3400 et
688 3345 819 3419 praestitit
833 3347 1016 3422 promissum.
1063 3348 1138 3404 Tum
1150 3364 1219 3403 vero
1236 3345 1265 3414 ii,
1283 3365 1365 3421 quos
1384 3354 1488 3426 parati

438 3468 490 3524 per
510 3449 620 3523 aliquot
641 3467 731 3505 anuos
752 3449 883 3524 publicus
905 3453 1069 3527 peculatus,
1091 3453 1168 3510 velut
1189 3450 1272 3508 bonis
1296 3455 1429 3529 ereptis,
1446 3468 1488 3511 un

437 3553 579 3612 furtorum
616 3555 758 3612 manubiis
794 3557 929 3627 extortis,
969 3556 1072 3614 infensi
1110 3567 1138 3614 et
1175 3555 1242 3613 irati
1280 3557 1444 3619 Βοιιιαιιοι
1469 3556 1489 3615 ἰι

439 3660 648 3729 Hannibalem,
685 3671 713 3718 et
747 3660 826 3737 ipsos
858 3681 976 3720 cautam
1008 3664 1067 3720 odii
1100 3672 1273 3739 quarentes,
1310 3662 1490 3741 instigata

410 3766 487 3823 tlte
519 3768 567 3824 diu
598 3776 779 3842 repugnante
810 3770 845 3826 P.
878 3769 1012 3844 Scipione
1043 3767 1199 3837 Africano,
1235 3767 1285 3841 qui
1325 3788 1438 3846 parum
1465 3786 1492 3827 er

440 3871 578 3947 dignitate
598 3872 697 3947 populi
715 3873 839 3930 Romani
859 3892 922 3937 esse
944 3875 1068 3931 ducebat
1087 3873 1266 3931 subscribere
1288 3875 1371 3931 odiis
1386 3892 1491 3935 namn·

440 3987 534 4036 torum
570 3978 744 4036 Hannibalis
782 3989 810 4035 et
847 3978 1021 4036 factionibus
1053 3976 1337 4054 Carthaginiensium
1362 3981 1492 4050 ,insunt

412 4083 428 4136 5
442 4085 585 4161 publicam
601 4085 799 4142 auctoritatem
816 4103 869 4141 nec
884 4085 956 4142 satis
969 4086 1077 4142 habere
1090 4085 1166 4142 bello
1177 4082 1279 4140 vicisse
1290 4084 1491 4151 Hannibaln.

442 4191 497 4249 uisi
523 4191 602 4249 velut
628 4200 810 4249 accusatores
835 4190 1009 4247 calumniam
1033 4190 1063 4247 in
1089 4210 1153 4248 eum
1181 4189 1311 4247 iurarent
1338 4210 1378 4249 ac
1399 4206 1491 4251 uon·

412 4297 430 4352 6
442 4296 593 4366 deferrent,
612 4297 726 4353 tandem
742 4296 932 4371 pervicerunt,
950 4297 1080 4371 allegati
1091 4294 1296 4371 Carthaginem
1310 4299 1491 4365 mitterentur,
