3484 5025
591 502 670 552 mae
687 499 813 551 xxxnt.
846 501 894 563 (a,
913 498 974 550 our.
997 501 1065 566 rsa)
1262 492 1322 561 'ter

297 686 373 745 dam
408 696 437 744 et
469 686 673 744 Macedoniarn
709 685 897 741 decreverunt
932 685 968 741 ad
1002 685 1170 754 visendum,
1211 685 1367 743 redditaene

298 792 434 849 civitates
455 792 607 849 Thessalis
639 801 667 848 et
694 790 858 848 Perrhaebis
889 801 992 852 essent.
1046 791 1152 847 lisdem
1188 791 1397 861 mandatrrm',4
1445 821 1453 836 ·

298 908 329 954 ut
351 899 391 953 ab
414 898 497 954 AEno
523 905 552 953 et
585 898 728 953 Maronea
761 895 896 970 praesidia
923 887 1132 964 deducerentur
1164 896 1367 969 maritimaque

280 978 395 1059 ¹otnuis
417 1002 553 1058 Thraciae
586 1019 639 1057 ora
671 1020 689 1056 a
711 1000 847 1075 Philippo
883 1010 911 1057 et
945 1000 1153 1056 Macedonibus
1186 1000 1365 1086 liberaretur.

295 1107 539 1181 Peloponnesum
563 1125 680 1181 quoque
702 1105 782 1162 adire
802 1105 889 1173 iussi,
922 1108 997 1163 uude
1021 1106 1102 1180 prior
1129 1085 1397 1180 legatio-diecesi
1430 1176 1433 1179 ἢ

295 1223 379 1269 serat
401 1212 556 1269 incertiore
576 1223 775 1281 staturarum,
798 1230 885 1284 quam
902 1212 926 1267 si
941 1193 998 1267 hon
1013 1212 1174 1279 venissent;
1197 1231 1263 1267 nam
1280 1230 1367 1286 super
1456 1193 1459 1198 ¹

294 1329 399 1376 cetera
420 1318 509 1375 etiam
531 1319 593 1375 sine
614 1336 755 1393 responso
777 1317 897 1387 dimissi,
925 1336 978 1373 nec
998 1317 1096 1374 datum
1119 1313 1283 1391 petentibus
1305 1326 1368 1373 erat

293 1424 480 1481 Achaeorum
514 1423 675 1479 concilium.
731 1425 778 1481 Do
800 1442 858 1497 qna
880 1442 911 1479 re
935 1435 1073 1497 querente
1093 1422 1222 1497 graviter
1244 1422 1280 1495 Q.
1304 1421 1399 1480 Cae-6

295 1527 379 1595 cilio,
403 1540 432 1585 et
454 1528 541 1584 simul
562 1529 792 1586 Lacedaemoniis
816 1525 1165 1609 deploramibus'moenia
1187 1529 1292 1598 diruta,
1315 1529 1366 1585 ab·

294 1636 419 1693 ductam
443 1634 557 1708 plebem
580 1635 608 1690 in
631 1636 775 1692 Achaiam
798 1645 826 1691 et
847 1632 1069 1702 'venundatum
1101 1633 1268 1707 ademptas,
1303 1613 1367 1707 dui·

294 1742 355 1798 bus
393 1740 432 1796 ad
463 1758 529 1795 eam
561 1740 636 1796 diem
671 1741 773 1798 civitas
805 1741 947 1809 stetisset,
979 1738 1105 1815 Lycurgi
1139 1739 1231 1812 leges,
1265 1740 1397 1799 Aehaeit

295 1846 431 1903 maxime
463 1845 578 1902 concilii
610 1846 708 1921 negati
741 1846 848 1902 crimen
881 1839 1061 1903 excusabant
1092 1844 1240 1901 recitando
1264 1844 1389 1919 legem,

295 1968 366 2023 quae
389 1949 446 2006 nisi
469 1950 537 2007 belli
562 1952 680 2026 pacisve
702 1971 806 2021 causa,
838 1962 866 2008 et
889 1970 976 2025 quum
1007 1951 1095 2025 legati
1117 1951 1155 2006 ab
1178 1962 1279 2006 senatu
1302 1969 1366 2009 cunr
1403 2019 1407 2026 Ι
1450 1950 1452 1956 ’

295 2055 479 2113 litteris'aut
500 2057 615 2132 scriptis
638 2036 787 2114 mandatis
805 2058 944 2125 venirent,
964 2067 1075 2115 vetaret
1097 2054 1183 2111 indici
1205 2055 1386 2125 concilium,v

295 2163 347 2221 Ea
369 2180 408 2218 ne
430 2172 534 2236 postea
559 2162 709 2217 excusatio
733 2175 817 2232 esset,
849 2164 975 2220 ostendit
997 2173 1125 2228 senatus,
1148 2178 1223 2216 curae
1245 2161 1279 2216 iis
1305 2162 1400 2218 essess

295 2270 423 2338 debere,
460 2278 492 2323 ut
517 2267 621 2341 legatis
649 2268 790 2324 Romanis
817 2286 932 2342 semper
955 2267 1079 2325 adeundi
1101 2265 1251 2323 concilium
1273 2267 1368 2339 gentis

295 2384 436 2449 potestas
457 2374 549 2441 fieret,
571 2372 816 2446 quemadmodum
839 2384 868 2429 et
889 2374 954 2443 illis,
981 2375 1094 2450 quoties
1115 2372 1230 2444 vellent,
1252 2386 1368 2431 senatus

296 2480 432 2538 daretur.
489 2497 494 2511 ·
1424 2539 1431 2550 ,

387 2585 526 2642 Dimissis
548 2585 583 2640 iis
605 2585 809 2662 legationibus,
839 2585 993 2661 Philippus
1016 2605 1033 2642 a
1054 2586 1113 2642 suis
1137 2560 1247 2643 certior
1263 2576 1381 2657 factus,
1424 2579 1469 2651 34

295 2692 464 2750 cedendum
498 2690 663 2746 civitatibus
696 2691 923 2765 deducendaque
955 2692 1089 2766 praesidia
1123 2711 1202 2761 esse,
1242 2691 1368 2748 infensus

296 2798 439 2855 omnibus
462 2797 491 2852 in
514 2797 677 2852 Maronitas
698 2796 771 2854 iram
794 2797 924 2856 effundit.
980 2798 1151 2866 Onomasto,
1175 2799 1223 2871 qui
1246 2798 1399 2871 praeerat2

296 2903 456 2962 maritimae
478 2901 699 2971 orae,-mandat,
722 2913 753 2958 ut
774 2903 866 2976 partis
888 2903 1017 2959 adversae
1030 2903 1173 2978 principes
1185 2904 1367 2964 interficeret,
1427 2970 1430 2975 y

294 3010 354 3068 Ille
378 3028 433 3083 per
455 3006 637 3066 Casandrum
661 3006 823 3080 quendam,
855 3027 943 3064 unum
969 3028 1005 3065 ex
1026 3010 1113 3084 regiis
1136 3010 1192 3065 iant
1215 3011 1262 3065 diu
1285 3009 1368 3066 habi-

294 3123 412 3169 tantem
436 3111 722 3179 Maroneae„nocte
744 3112 908 3169 Thracibus
938 3114 1111 3170 intromissis
1140 3114 1268 3171 velutin
1292 3114 1366 3170 helio

294 3230 390 3292 capta
414 3216 486 3272 trrbe
508 3218 613 3272 eaedem
637 3216 714 3273 fecit.
757 3219 847 3291 Apud
879 3218 991 3292 legatos
1022 3221 1172 3276 Romanos
1206 3219 1399 3292 quarentena

295 3338 359 3381 tant
385 3321 543 3378 crudeliter
563 3321 704 3377 adversus
723 3324 857 3379 innoxios
882 3324 1054 3392 Maronitas,
1087 3335 1145 3380 taur
1169 3327 1293 3399 superbe
1315 3325 1366 3380 ad-

294 3444 405 3484 versus
428 3426 567 3500 populum
585 3428 749 3482 Romanum
771 3427 890 3495 sactum,
914 3438 954 3498 ut,
976 3428 1089 3501 quibus.
1100 3429 1261 3485 libertatem
1284 3431 1367 3486 resti·
1395 3472 1398 3477 -

293 3532 439 3592 tuendam
462 3540 580 3588 senatus
603 3531 770 3598 censuisset,
802 3531 822 3587 ii
844 3551 897 3606 pro
919 3535 1049 3591 hostibus
1072 3534 1291 3604 trucidarentur,
1315 3537 1366 3609 ab·

293 3639 421 3706 nuebat,
455 3636 611 3710 quicquam
635 3655 734 3692 eorum
757 3636 795 3691 ad
816 3654 848 3692 se
869 3650 920 3694 aut
942 3657 1114 3713 quemquam
1138 3658 1256 3696 suorum
1279 3642 1366 3716 perti-

294 3760 382 3810 nere;
417 3741 560 3796 seditione
590 3741 665 3797 inter
689 3741 769 3815 ipsos
791 3741 967 3812 dimicatum,
1001 3762 1087 3816 quum
1111 3745 1159 3802 alii
1185 3745 1285 3816 adse,
1319 3748 1398 3804 altit

279 3848 336 3904 -ad
359 3848 523 3904 Eumenem
547 3846 694 3902 civitatem
717 3847 876 3915 traherent,
909 3848 939 3903 id
967 3847 1052 3905 facile
1082 3850 1204 3907 scituros
1233 3871 1311 3922 esse,
1344 3853 1368 3909 si
1435 3906 1441 3924 ,
1510 3872 1516 3880 ’

294 3951 634 4030 percontarenturipsos
652 3951 822 4018 Maronitas,
845 3982 883 3992 -
907 3951 984 4008 haud
1008 3953 1122 4025 dubius,
1143 3956 1284 4031 percuisis
1306 3962 1398 4017 om·5

293 4058 385 4115 nibus
408 4066 521 4128 terrore
544 4065 604 4120 tam
634 4054 755 4111 recentis
783 4056 883 4123 caedis,
915 4057 1058 4114 neminem
1087 4060 1198 4117 hiscere
1227 4063 1368 4122 adversus
1394 4110 1396 4115 .

294 4181 327 4220 se
348 4179 500 4218 ausurum.
542 4160 663 4232 Negare
684 4158 810 4232 Appius,
837 4178 898 4215 rem
919 4163 1080 4220 evidentem
1103 4185 1156 4239 pro
1179 4157 1268 4226 dubia
1291 4172 1400 4244 quae-d

292 4267 432 4325 rendam.
477 4264 509 4322 Si
539 4266 578 4322 ab
605 4283 637 4320 se
668 4255 782 4337 culpam
810 4283 960 4322 removere
991 4263 1092 4336 vellet,
1125 4262 1370 4332 Onomastum'et
