<?xml version="1.0" encoding="UTF-8"?>
<!DOCTYPE html PUBLIC "-//W3C//DTD XHTML 1.0 Transitional//EN"
    "http://www.w3.org/TR/xhtml1/DTD/xhtml1-transitional.dtd">
<html xmlns="http://www.w3.org/1999/xhtml" xml:lang="en" lang="en">
 <head>
  <title>
</title>
<meta http-equiv="Content-Type" content="text/html;charset=utf-8" />
  <meta name='ocr-system' content='tesseract 3.04.00' />
  <meta name='ocr-capabilities' content='ocr_page ocr_carea ocr_par ocr_line ocrx_word'/>
</head>
<body>
  <div class='ocr_page' id='page_1' title='image "./titiliviihistor00ussigoog_0520.png"; bbox 0 0 3484 5025; ppageno 0'>
   <div class='ocr_carea' id='block_1_1' title="bbox 467 516 1143 588">
    <p class='ocr_par' dir='ltr' id='par_1_1' title="bbox 467 516 1143 588">
     <span class='ocr_line' id='line_1_1' title="bbox 467 516 1143 588; baseline -0.015 -11"><span class='ocrx_word' id='word_1_1' title='bbox 467 521 525 577; x_wconf 80' lang='lat'>232</span> <span class='ocrx_word' id='word_1_2' title='bbox 642 553 652 567; x_wconf 80' lang='lat'><strong>·</strong></span> <span class='ocrx_word' id='word_1_3' title='bbox 764 518 850 588; x_wconf 69' lang='lat' dir='ltr'>Liber</span> <span class='ocrx_word' id='word_1_4' title='bbox 861 517 919 567; x_wconf 78' lang='lat' dir='ltr'>XL.</span> <span class='ocrx_word' id='word_1_5' title='bbox 939 516 985 580; x_wconf 74' lang='lat' dir='ltr'>(A.</span> <span class='ocrx_word' id='word_1_6' title='bbox 999 531 1025 567; x_wconf 87' lang='lat' dir='ltr'>u.</span> <span class='ocrx_word' id='word_1_7' title='bbox 1036 531 1057 567; x_wconf 89' lang='lat' dir='ltr'>o.</span> <span class='ocrx_word' id='word_1_8' title='bbox 1070 517 1143 580; x_wconf 79' lang='lat' dir='ltr'>ste.)</span> 
     </span>
    </p>
   </div>
   <div class='ocr_carea' id='block_1_2' title="bbox 326 700 1524 2043">
    <p class='ocr_par' dir='ltr' id='par_1_2' title="bbox 326 700 1524 2043">
     <span class='ocr_line' id='line_1_2' title="bbox 392 700 1524 777; baseline 0.004 -20"><span class='ocrx_word' id='word_1_9' title='bbox 392 702 524 758; x_wconf 83' lang='lat' dir='ltr'>9litteris</span> <span class='ocrx_word' id='word_1_10' title='bbox 547 702 698 759; x_wconf 82' lang='lat' dir='ltr'>certiorem</span> <span class='ocrx_word' id='word_1_11' title='bbox 720 702 804 774; x_wconf 84' lang='lat' dir='ltr'>iecit,</span> <span class='ocrx_word' id='word_1_12' title='bbox 833 702 961 760; x_wconf 77' lang='lat' dir='ltr'>obsideri</span> <span class='ocrx_word' id='word_1_13' title='bbox 990 720 1009 758; x_wconf 89' lang='lat' dir='ltr'>a</span> <span class='ocrx_word' id='word_1_14' title='bbox 1030 700 1190 777; x_wconf 80' lang='lat' dir='ltr'>Liguribus</span> <span class='ocrx_word' id='word_1_15' title='bbox 1213 702 1250 762; x_wconf 86' lang='lat' dir='ltr'>L.</span> <span class='ocrx_word' id='word_1_16' title='bbox 1274 703 1434 776; x_wconf 86' lang='lat' dir='ltr'>AEmilium,</span> <span class='ocrx_word' id='word_1_17' title='bbox 1456 714 1478 762; x_wconf 88' lang='lat' dir='ltr'>et</span> <span class='ocrx_word' id='word_1_18' title='bbox 1522 744 1524 754; x_wconf 85' lang='lat'><em>·</em></span> 
     </span>
     <span class='ocr_line' id='line_1_3' title="bbox 422 797 1479 884; baseline 0.003 -20"><span class='ocrx_word' id='word_1_19' title='bbox 422 808 465 867; x_wconf 90' lang='lat' dir='ltr'>M.</span> <span class='ocrx_word' id='word_1_20' title='bbox 497 805 620 866; x_wconf 88' lang='lat' dir='ltr'>Claudio</span> <span class='ocrx_word' id='word_1_21' title='bbox 653 807 810 879; x_wconf 83' lang='lat' dir='ltr'>Marcello,</span> <span class='ocrx_word' id='word_1_22' title='bbox 853 797 1102 884; x_wconf 47' lang='lat' dir='ltr'>cuius‘proxima</span> <span class='ocrx_word' id='word_1_23' title='bbox 1138 805 1209 862; x_wconf 92' lang='lat' dir='ltr'>inde</span> <span class='ocrx_word' id='word_1_24' title='bbox 1239 809 1392 881; x_wconf 87' lang='lat' dir='ltr'>provincia</span> <span class='ocrx_word' id='word_1_25' title='bbox 1420 820 1479 880; x_wconf 72' lang='lat' dir='ltr'>erat</span> 
     </span>
     <span class='ocr_line' id='line_1_4' title="bbox 422 888 1479 989; baseline 0.001 -19"><span class='ocrx_word' id='word_1_26' title='bbox 422 913 546 989; x_wconf 79' lang='lat' dir='ltr'><strong>scripsit,</strong></span> <span class='ocrx_word' id='word_1_27' title='bbox 569 922 608 983; x_wconf 91' lang='lat' dir='ltr'>ut,</span> <span class='ocrx_word' id='word_1_28' title='bbox 630 888 655 971; x_wconf 89' lang='lat' dir='ltr'>si</span> <span class='ocrx_word' id='word_1_29' title='bbox 677 914 823 970; x_wconf 89' lang='lat' dir='ltr'>videretur</span> <span class='ocrx_word' id='word_1_30' title='bbox 845 912 887 984; x_wconf 90' lang='lat' dir='ltr'>ei,</span> <span class='ocrx_word' id='word_1_31' title='bbox 916 913 1072 971; x_wconf 86' lang='lat' dir='ltr'>exercitum</span> <span class='ocrx_word' id='word_1_32' title='bbox 1100 931 1117 968; x_wconf 88' lang='lat' dir='ltr'>e</span> <span class='ocrx_word' id='word_1_33' title='bbox 1144 910 1250 970; x_wconf 85' lang='lat' dir='ltr'>Gallia</span> <span class='ocrx_word' id='word_1_34' title='bbox 1279 914 1479 972; x_wconf 78' lang='lat' dir='ltr'>traduceretis</span> 
     </span>
     <span class='ocr_line' id='line_1_5' title="bbox 374 1016 1480 1094; baseline 0.005 -22"><span class='ocrx_word' id='word_1_35' title='bbox 374 1020 409 1074; x_wconf 86' lang='lat'>10</span> <span class='ocrx_word' id='word_1_36' title='bbox 424 1020 545 1094; x_wconf 79' lang='lat' dir='ltr'>Ligures</span> <span class='ocrx_word' id='word_1_37' title='bbox 567 1028 595 1077; x_wconf 92' lang='lat' dir='ltr'>et</span> <span class='ocrx_word' id='word_1_38' title='bbox 617 1020 651 1077; x_wconf 89' lang='lat' dir='ltr'>L.</span> <span class='ocrx_word' id='word_1_39' title='bbox 673 1019 826 1077; x_wconf 85' lang='lat' dir='ltr'>AEmilium</span> <span class='ocrx_word' id='word_1_40' title='bbox 848 1019 984 1076; x_wconf 85' lang='lat' dir='ltr'>liberaret</span> <span class='ocrx_word' id='word_1_41' title='bbox 1006 1016 1167 1075; x_wconf 85' lang='lat' dir='ltr'>obsidione.</span> <span class='ocrx_word' id='word_1_42' title='bbox 1213 1017 1292 1074; x_wconf 84' lang='lat' dir='ltr'>Haec</span> <span class='ocrx_word' id='word_1_43' title='bbox 1316 1036 1381 1075; x_wconf 81' lang='lat' dir='ltr'>sera</span> <span class='ocrx_word' id='word_1_44' title='bbox 1399 1018 1480 1077; x_wconf 81' lang='lat' dir='ltr'>lutura</span> 
     </span>
     <span class='ocr_line' id='line_1_6' title="bbox 422 1124 1480 1201; baseline 0.002 -19"><span class='ocrx_word' id='word_1_45' title='bbox 422 1125 532 1182; x_wconf 85' lang='lat' dir='ltr'>auxilia</span> <span class='ocrx_word' id='word_1_46' title='bbox 553 1133 645 1183; x_wconf 86' lang='lat' dir='ltr'>erant.</span> <span class='ocrx_word' id='word_1_47' title='bbox 689 1126 813 1201; x_wconf 78' lang='lat' dir='ltr'><strong>Ligures</strong></span> <span class='ocrx_word' id='word_1_48' title='bbox 835 1126 873 1183; x_wconf 88' lang='lat' dir='ltr'>ad</span> <span class='ocrx_word' id='word_1_49' title='bbox 894 1133 991 1182; x_wconf 88' lang='lat' dir='ltr'>castra</span> <span class='ocrx_word' id='word_1_50' title='bbox 1012 1131 1131 1199; x_wconf 88' lang='lat' dir='ltr'>postero</span> <span class='ocrx_word' id='word_1_51' title='bbox 1155 1124 1203 1181; x_wconf 91' lang='lat' dir='ltr'>die</span> <span class='ocrx_word' id='word_1_52' title='bbox 1217 1124 1371 1182; x_wconf 88' lang='lat' dir='ltr'>redeunt.-</span> <span class='ocrx_word' id='word_1_53' title='bbox 1398 1126 1480 1184; x_wconf 84' lang='lat' dir='ltr'>AEmi·</span> 
     </span>
     <span class='ocr_line' id='line_1_7' title="bbox 421 1229 1479 1312; baseline 0.004 -27"><span class='ocrx_word' id='word_1_54' title='bbox 421 1229 477 1287; x_wconf 92' lang='lat' dir='ltr'>lius</span> <span class='ocrx_word' id='word_1_55' title='bbox 500 1249 587 1303; x_wconf 91' lang='lat' dir='ltr'>quum</span> <span class='ocrx_word' id='word_1_56' title='bbox 616 1239 644 1288; x_wconf 92' lang='lat' dir='ltr'>et</span> <span class='ocrx_word' id='word_1_57' title='bbox 665 1241 803 1289; x_wconf 85' lang='lat' dir='ltr'>venturos</span> <span class='ocrx_word' id='word_1_58' title='bbox 825 1231 927 1288; x_wconf 81' lang='lat' dir='ltr'>scisset</span> <span class='ocrx_word' id='word_1_59' title='bbox 954 1239 983 1287; x_wconf 89' lang='lat' dir='ltr'>et</span> <span class='ocrx_word' id='word_1_60' title='bbox 1012 1230 1135 1287; x_wconf 90' lang='lat' dir='ltr'>educere</span> <span class='ocrx_word' id='word_1_61' title='bbox 1161 1229 1321 1287; x_wconf 88' lang='lat' dir='ltr'>in&#39;aciem</span> <span class='ocrx_word' id='word_1_62' title='bbox 1349 1230 1479 1312; x_wconf 83' lang='lat' dir='ltr'>potuisset,</span> 
     </span>
     <span class='ocr_line' id='line_1_8' title="bbox 421 1335 1480 1413; baseline 0.003 -22"><span class='ocrx_word' id='word_1_63' title='bbox 421 1335 498 1393; x_wconf 87' lang='lat' dir='ltr'>intra</span> <span class='ocrx_word' id='word_1_64' title='bbox 519 1336 628 1393; x_wconf 90' lang='lat' dir='ltr'>vallum</span> <span class='ocrx_word' id='word_1_65' title='bbox 651 1355 719 1395; x_wconf 87' lang='lat' dir='ltr'>suos</span> <span class='ocrx_word' id='word_1_66' title='bbox 741 1337 841 1407; x_wconf 85' lang='lat' dir='ltr'>tenuit,</span> <span class='ocrx_word' id='word_1_67' title='bbox 863 1344 896 1393; x_wconf 89' lang='lat' dir='ltr'>ut</span> <span class='ocrx_word' id='word_1_68' title='bbox 917 1335 1082 1393; x_wconf 81' lang='lat' dir='ltr'>extraheret</span> <span class='ocrx_word' id='word_1_69' title='bbox 1102 1353 1164 1392; x_wconf 89' lang='lat' dir='ltr'>rem</span> <span class='ocrx_word' id='word_1_70' title='bbox 1188 1335 1273 1393; x_wconf 86' lang='lat' dir='ltr'>inid</span> <span class='ocrx_word' id='word_1_71' title='bbox 1295 1345 1480 1413; x_wconf 70' lang='lat' dir='ltr'>tempusque</span> 
     </span>
     <span class='ocr_line' id='line_1_9' title="bbox 326 1431 1480 1519; baseline -0.001 -18"><span class='ocrx_word' id='word_1_72' title='bbox 326 1431 367 1501; x_wconf 78' lang='grc'>26</span> <span class='ocrx_word' id='word_1_73' title='bbox 422 1440 539 1498; x_wconf 84' lang='lat' dir='ltr'>Baebius</span> <span class='ocrx_word' id='word_1_74' title='bbox 561 1460 625 1499; x_wconf 90' lang='lat' dir='ltr'>cum</span> <span class='ocrx_word' id='word_1_75' title='bbox 650 1442 778 1498; x_wconf 89' lang='lat' dir='ltr'>exercitu</span> <span class='ocrx_word' id='word_1_76' title='bbox 798 1440 899 1497; x_wconf 82' lang='lat' dir='ltr'>venire</span> <span class='ocrx_word' id='word_1_77' title='bbox 923 1460 941 1497; x_wconf 89' lang='lat' dir='ltr'>a</span> <span class='ocrx_word' id='word_1_78' title='bbox 963 1440 1039 1498; x_wconf 89' lang='lat' dir='ltr'>Pisis</span> <span class='ocrx_word' id='word_1_79' title='bbox 1068 1449 1178 1516; x_wconf 86' lang='lat' dir='ltr'>posset.</span> <span class='ocrx_word' id='word_1_80' title='bbox 1230 1443 1339 1500; x_wconf 88' lang='lat' dir='ltr'>Romae</span> <span class='ocrx_word' id='word_1_81' title='bbox 1362 1462 1480 1519; x_wconf 86' lang='lat' dir='ltr'>magnam</span> 
     </span>
     <span class='ocr_line' id='line_1_10' title="bbox 391 1544 1480 1624; baseline 0.004 -22"><span class='ocrx_word' id='word_1_82' title='bbox 391 1546 642 1622; x_wconf 83' lang='lat' dir='ltr'>2trepidationem</span> <span class='ocrx_word' id='word_1_83' title='bbox 664 1547 767 1604; x_wconf 76' lang='lat' dir='ltr'>litteras</span> <span class='ocrx_word' id='word_1_84' title='bbox 777 1546 870 1603; x_wconf 81' lang='lat' dir='ltr'>Baebii</span> <span class='ocrx_word' id='word_1_85' title='bbox 893 1544 1032 1616; x_wconf 84' lang='lat' dir='ltr'>fecerunt,</span> <span class='ocrx_word' id='word_1_86' title='bbox 1054 1563 1089 1602; x_wconf 89' lang='lat' dir='ltr'>eo</span> <span class='ocrx_word' id='word_1_87' title='bbox 1112 1546 1268 1619; x_wconf 91' lang='lat' dir='ltr'>maiorem,</span> <span class='ocrx_word' id='word_1_88' title='bbox 1286 1548 1366 1623; x_wconf 90' lang='lat' dir='ltr'>quod</span> <span class='ocrx_word' id='word_1_89' title='bbox 1387 1566 1480 1624; x_wconf 85' lang='lat' dir='ltr'>paucos</span> 
     </span>
     <span class='ocr_line' id='line_1_11' title="bbox 421 1646 1480 1728; baseline 0.001 -19"><span class='ocrx_word' id='word_1_90' title='bbox 421 1646 489 1727; x_wconf 84' lang='lat' dir='ltr'>post</span> <span class='ocrx_word' id='word_1_91' title='bbox 523 1653 584 1710; x_wconf 91' lang='lat' dir='ltr'>dies</span> <span class='ocrx_word' id='word_1_92' title='bbox 615 1651 782 1721; x_wconf 88' lang='lat' dir='ltr'>Marcellus,</span> <span class='ocrx_word' id='word_1_93' title='bbox 814 1650 922 1708; x_wconf 86' lang='lat' dir='ltr'>tradito</span> <span class='ocrx_word' id='word_1_94' title='bbox 954 1650 1082 1708; x_wconf 87' lang='lat' dir='ltr'>exercitu</span> <span class='ocrx_word' id='word_1_95' title='bbox 1114 1652 1212 1710; x_wconf 82' lang='lat' dir='ltr'>Fabio</span> <span class='ocrx_word' id='word_1_96' title='bbox 1245 1656 1377 1713; x_wconf 88' lang='lat' dir='ltr'>Romam</span> <span class='ocrx_word' id='word_1_97' title='bbox 1408 1672 1480 1728; x_wconf 86' lang='lat' dir='ltr'>quun</span> 
     </span>
     <span class='ocr_line' id='line_1_12' title="bbox 419 1754 1480 1833; baseline -0.001 -18"><span class='ocrx_word' id='word_1_98' title='bbox 419 1758 555 1829; x_wconf 84' lang='lat' dir='ltr'>venisset,</span> <span class='ocrx_word' id='word_1_99' title='bbox 577 1776 657 1833; x_wconf 90' lang='lat' dir='ltr'>spem</span> <span class='ocrx_word' id='word_1_100' title='bbox 681 1756 803 1827; x_wconf 81' lang='lat' dir='ltr'>ademit,</span> <span class='ocrx_word' id='word_1_101' title='bbox 825 1774 901 1826; x_wconf 89' lang='lat' dir='ltr'>eum,</span> <span class='ocrx_word' id='word_1_102' title='bbox 924 1755 972 1830; x_wconf 89' lang='lat' dir='ltr'>qui</span> <span class='ocrx_word' id='word_1_103' title='bbox 993 1754 1147 1815; x_wconf 84' lang='lat' dir='ltr'>in·Gallia</span> <span class='ocrx_word' id='word_1_104' title='bbox 1170 1768 1259 1831; x_wconf 84' lang='lat' dir='ltr'>esset,</span> <span class='ocrx_word' id='word_1_105' title='bbox 1288 1759 1442 1817; x_wconf 84' lang='lat' dir='ltr'>exercitum</span> <span class='ocrx_word' id='word_1_106' title='bbox 1460 1759 1480 1815; x_wconf 85' lang='lat' dir='ltr'>in</span> 
     </span>
     <span class='ocr_line' id='line_1_13' title="bbox 420 1861 1482 1939; baseline 0.002 -20"><span class='ocrx_word' id='word_1_107' title='bbox 420 1862 543 1937; x_wconf 84' lang='lat' dir='ltr'>Ligures</span> <span class='ocrx_word' id='word_1_108' title='bbox 570 1881 658 1939; x_wconf 87' lang='lat' dir='ltr'>posse</span> <span class='ocrx_word' id='word_1_109' title='bbox 680 1862 807 1934; x_wconf 84' lang='lat' dir='ltr'>traduci,</span> <span class='ocrx_word' id='word_1_110' title='bbox 839 1862 909 1936; x_wconf 86' lang='lat' dir='ltr'>quia</span> <span class='ocrx_word' id='word_1_111' title='bbox 930 1861 1036 1919; x_wconf 90' lang='lat' dir='ltr'>bellum</span> <span class='ocrx_word' id='word_1_112' title='bbox 1060 1877 1133 1920; x_wconf 83' lang='lat' dir='ltr'>cum·</span> <span class='ocrx_word' id='word_1_113' title='bbox 1151 1862 1267 1921; x_wconf 88' lang='lat' dir='ltr'>Histris</span> <span class='ocrx_word' id='word_1_114' title='bbox 1297 1873 1376 1921; x_wconf 87' lang='lat' dir='ltr'>esset</span> <span class='ocrx_word' id='word_1_115' title='bbox 1400 1863 1482 1939; x_wconf 88' lang='lat' dir='ltr'>prohi-</span> 
     </span>
     <span class='ocr_line' id='line_1_14' title="bbox 391 1966 1481 2043; baseline 0.004 -20"><span class='ocrx_word' id='word_1_116' title='bbox 391 1969 554 2030; x_wconf 84' lang='lat' dir='ltr'>3bentibus</span> <span class='ocrx_word' id='word_1_117' title='bbox 585 1967 729 2027; x_wconf 88' lang='lat' dir='ltr'>coloniam</span> <span class='ocrx_word' id='word_1_118' title='bbox 750 1966 919 2042; x_wconf 83' lang='lat' dir='ltr'>Aquileiam</span> <span class='ocrx_word' id='word_1_119' title='bbox 948 1967 1065 2037; x_wconf 83' lang='lat' dir='ltr'>deduci3</span> <span class='ocrx_word' id='word_1_120' title='bbox 1097 1987 1132 2025; x_wconf 90' lang='lat' dir='ltr'>eo</span> <span class='ocrx_word' id='word_1_121' title='bbox 1165 1967 1336 2043; x_wconf 84' lang='lat' dir='ltr'>proiectum</span> <span class='ocrx_word' id='word_1_122' title='bbox 1364 1970 1481 2037; x_wconf 84' lang='lat' dir='ltr'>Fabium,</span> 
     </span>
    </p>
   </div>
   <div class='ocr_carea' id='block_1_3' title="bbox 390 2053 1483 2150">
    <p class='ocr_par' dir='ltr' id='par_1_3' title="bbox 390 2053 1483 2150">
     <span class='ocr_line' id='line_1_15' title="bbox 390 2053 1483 2150; baseline 0.005 -23"><span class='ocrx_word' id='word_1_123' title='bbox 390 2074 515 2149; x_wconf 76' lang='lat' dir='ltr'>tneque</span> <span class='ocrx_word' id='word_1_124' title='bbox 542 2075 609 2132; x_wconf 91' lang='lat' dir='ltr'>inde</span> <span class='ocrx_word' id='word_1_125' title='bbox 637 2072 753 2149; x_wconf 85' lang='lat' dir='ltr'>regredi</span> <span class='ocrx_word' id='word_1_126' title='bbox 780 2072 857 2129; x_wconf 84' lang='lat' dir='ltr'>bello</span> <span class='ocrx_word' id='word_1_127' title='bbox 879 2053 1016 2129; x_wconf 83' lang='lat' dir='ltr'>inchoato</span> <span class='ocrx_word' id='word_1_128' title='bbox 1038 2090 1133 2148; x_wconf 88' lang='lat' dir='ltr'>posse.</span> <span class='ocrx_word' id='word_1_129' title='bbox 1183 2068 1275 2146; x_wconf 84' lang='lat' dir='ltr'>Una&#39;,</span> <span class='ocrx_word' id='word_1_130' title='bbox 1305 2082 1336 2134; x_wconf 85' lang='lat' dir='ltr'>et</span> <span class='ocrx_word' id='word_1_131' title='bbox 1368 2095 1404 2134; x_wconf 88' lang='lat' dir='ltr'>ea</span> <span class='ocrx_word' id='word_1_132' title='bbox 1431 2076 1483 2150; x_wconf 87' lang='lat' dir='ltr'>ipsa</span> 
     </span>
    </p>
   </div>
   <div class='ocr_carea' id='block_1_4' title="bbox 385 2178 1498 4362">
    <p class='ocr_par' dir='ltr' id='par_1_4' title="bbox 385 2178 1498 4362">
     <span class='ocr_line' id='line_1_16' title="bbox 421 2178 1483 2255; baseline 0.001 -19"><span class='ocrx_word' id='word_1_133' title='bbox 421 2181 533 2237; x_wconf 83' lang='lat' dir='ltr'>tardior</span> <span class='ocrx_word' id='word_1_134' title='bbox 555 2199 642 2255; x_wconf 91' lang='lat' dir='ltr'>quam</span> <span class='ocrx_word' id='word_1_135' title='bbox 663 2187 776 2253; x_wconf 89' lang='lat' dir='ltr'>tempus</span> <span class='ocrx_word' id='word_1_136' title='bbox 798 2178 977 2254; x_wconf 87' lang='lat' dir='ltr'>postulabat,</span> <span class='ocrx_word' id='word_1_137' title='bbox 999 2178 1120 2236; x_wconf 83' lang='lat' dir='ltr'>subsidii</span> <span class='ocrx_word' id='word_1_138' title='bbox 1142 2196 1210 2255; x_wconf 88' lang='lat' dir='ltr'>spes</span> <span class='ocrx_word' id='word_1_139' title='bbox 1225 2190 1303 2251; x_wconf 88' lang='lat' dir='ltr'>erat,</span> <span class='ocrx_word' id='word_1_140' title='bbox 1326 2182 1353 2239; x_wconf 91' lang='lat' dir='ltr'>si</span> <span class='ocrx_word' id='word_1_141' title='bbox 1367 2182 1483 2239; x_wconf 86' lang='lat' dir='ltr'>consules</span> 
     </span>
     <span class='ocr_line' id='line_1_17' title="bbox 421 2282 1484 2363; baseline 0.002 -22"><span class='ocrx_word' id='word_1_142' title='bbox 421 2293 616 2342; x_wconf 85' lang='lat' dir='ltr'>maturassent</span> <span class='ocrx_word' id='word_1_143' title='bbox 636 2286 666 2341; x_wconf 92' lang='lat' dir='ltr'>in</span> <span class='ocrx_word' id='word_1_144' title='bbox 683 2282 863 2359; x_wconf 83' lang='lat' dir='ltr'>provinciam</span> <span class='ocrx_word' id='word_1_145' title='bbox 886 2282 937 2340; x_wconf 84' lang='lat' dir='ltr'>ire.</span> <span class='ocrx_word' id='word_1_146' title='bbox 981 2282 1017 2339; x_wconf 92' lang='lat' dir='ltr'>Id</span> <span class='ocrx_word' id='word_1_147' title='bbox 1038 2292 1069 2340; x_wconf 90' lang='lat' dir='ltr'>ut</span> <span class='ocrx_word' id='word_1_148' title='bbox 1090 2283 1231 2355; x_wconf 86' lang='lat' dir='ltr'>iacerent,</span> <span class='ocrx_word' id='word_1_149' title='bbox 1257 2306 1315 2363; x_wconf 90' lang='lat' dir='ltr'>pro</span> <span class='ocrx_word' id='word_1_150' title='bbox 1329 2306 1363 2345; x_wconf 90' lang='lat' dir='ltr'>se</span> <span class='ocrx_word' id='word_1_151' title='bbox 1378 2288 1484 2363; x_wconf 85' lang='lat' dir='ltr'>quisque</span> 
     </span>
     <span class='ocr_line' id='line_1_18' title="bbox 390 2386 1484 2470; baseline 0.005 -28"><span class='ocrx_word' id='word_1_152' title='bbox 390 2389 535 2465; x_wconf 76' lang='lat' dir='ltr'>bpatrum</span> <span class='ocrx_word' id='word_1_153' title='bbox 557 2389 722 2446; x_wconf 85' lang='lat' dir='ltr'>vociferari.</span> <span class='ocrx_word' id='word_1_154' title='bbox 776 2386 917 2446; x_wconf 88' lang='lat' dir='ltr'>Consules</span> <span class='ocrx_word' id='word_1_155' title='bbox 950 2387 1005 2445; x_wconf 92' lang='lat' dir='ltr'>nisi</span> <span class='ocrx_word' id='word_1_156' title='bbox 1034 2387 1166 2447; x_wconf 90' lang='lat' dir='ltr'>confecto</span> <span class='ocrx_word' id='word_1_157' title='bbox 1198 2390 1308 2450; x_wconf 90' lang='lat' dir='ltr'>dilectu</span> <span class='ocrx_word' id='word_1_158' title='bbox 1338 2413 1444 2470; x_wconf 88' lang='lat' dir='ltr'>negare</span> <span class='ocrx_word' id='word_1_159' title='bbox 1460 2410 1484 2448; x_wconf 87' lang='lat' dir='ltr'>se</span> 
     </span>
     <span class='ocr_line' id='line_1_19' title="bbox 386 2476 1485 2573; baseline -0.003 -15"><span class='ocrx_word' id='word_1_160' title='bbox 386 2555 389 2558; x_wconf 85' lang='lat'>.</span> <span class='ocrx_word' id='word_1_161' title='bbox 420 2476 521 2567; x_wconf 78' lang='lat' dir='ltr'>ituros,</span> <span class='ocrx_word' id='word_1_162' title='bbox 543 2516 595 2554; x_wconf 90' lang='lat' dir='ltr'>nec</span> <span class='ocrx_word' id='word_1_163' title='bbox 617 2515 699 2553; x_wconf 88' lang='lat' dir='ltr'>suam</span> <span class='ocrx_word' id='word_1_164' title='bbox 724 2493 887 2570; x_wconf 82' lang='lat' dir='ltr'>segnitiam,</span> <span class='ocrx_word' id='word_1_165' title='bbox 910 2494 961 2552; x_wconf 88' lang='lat' dir='ltr'>sed</span> <span class='ocrx_word' id='word_1_166' title='bbox 985 2494 1042 2551; x_wconf 89' lang='lat' dir='ltr'>vim</span> <span class='ocrx_word' id='word_1_167' title='bbox 1065 2496 1159 2553; x_wconf 92' lang='lat' dir='ltr'>morbi</span> <span class='ocrx_word' id='word_1_168' title='bbox 1181 2496 1212 2553; x_wconf 93' lang='lat' dir='ltr'>in</span> <span class='ocrx_word' id='word_1_169' title='bbox 1235 2503 1420 2571; x_wconf 86' lang='lat' dir='ltr'>causa&#39;esse,</span> <span class='ocrx_word' id='word_1_170' title='bbox 1435 2517 1485 2573; x_wconf 85' lang='lat' dir='ltr'>quo</span> 
     </span>
     <span class='ocr_line' id='line_1_20' title="bbox 391 2603 1484 2678; baseline 0.005 -23"><span class='ocrx_word' id='word_1_171' title='bbox 391 2603 512 2660; x_wconf 81' lang='lat' dir='ltr'>bserius</span> <span class='ocrx_word' id='word_1_172' title='bbox 535 2606 735 2678; x_wconf 83' lang='lat' dir='ltr'>perficeretur3</span> <span class='ocrx_word' id='word_1_173' title='bbox 765 2620 824 2656; x_wconf 91' lang='lat' dir='ltr'>non</span> <span class='ocrx_word' id='word_1_174' title='bbox 852 2610 951 2658; x_wconf 87' lang='lat' dir='ltr'>tamen</span> <span class='ocrx_word' id='word_1_175' title='bbox 972 2611 1128 2677; x_wconf 91' lang='lat' dir='ltr'>potuerunt</span> <span class='ocrx_word' id='word_1_176' title='bbox 1150 2603 1298 2662; x_wconf 88' lang='lat' dir='ltr'>sustinere</span> <span class='ocrx_word' id='word_1_177' title='bbox 1328 2623 1484 2663; x_wconf 89' lang='lat' dir='ltr'>consensum</span> 
     </span>
     <span class='ocr_line' id='line_1_21' title="bbox 421 2696 1485 2786; baseline 0.002 -23"><span class='ocrx_word' id='word_1_178' title='bbox 421 2718 547 2779; x_wconf 79' lang='lat' dir='ltr'>senatuS,</span> <span class='ocrx_word' id='word_1_179' title='bbox 581 2710 649 2783; x_wconf 91' lang='lat' dir='ltr'>quin</span> <span class='ocrx_word' id='word_1_180' title='bbox 671 2706 802 2782; x_wconf 88' lang='lat' dir='ltr'>paludati</span> <span class='ocrx_word' id='word_1_181' title='bbox 830 2706 942 2764; x_wconf 87' lang='lat' dir='ltr'>exirent</span> <span class='ocrx_word' id='word_1_182' title='bbox 979 2718 1007 2764; x_wconf 92' lang='lat' dir='ltr'>et</span> <span class='ocrx_word' id='word_1_183' title='bbox 1036 2707 1188 2778; x_wconf 78' lang='lat' dir='ltr'>militibus,</span> <span class='ocrx_word' id='word_1_184' title='bbox 1218 2696 1297 2783; x_wconf 88' lang='lat' dir='ltr'>quos</span> <span class='ocrx_word' id='word_1_185' title='bbox 1319 2712 1485 2786; x_wconf 85' lang='lat' dir='ltr'>conscriptos</span> 
     </span>
     <span class='ocr_line' id='line_1_22' title="bbox 419 2812 1498 2897; baseline 0.004 -27"><span class='ocrx_word' id='word_1_186' title='bbox 419 2814 569 2884; x_wconf 86' lang='lat' dir='ltr'>haberent,</span> <span class='ocrx_word' id='word_1_187' title='bbox 592 2814 668 2870; x_wconf 89' lang='lat' dir='ltr'>diem</span> <span class='ocrx_word' id='word_1_188' title='bbox 691 2812 844 2880; x_wconf 84' lang='lat' dir='ltr'>edicerent,</span> <span class='ocrx_word' id='word_1_189' title='bbox 873 2830 931 2885; x_wconf 92' lang='lat' dir='ltr'>quo</span> <span class='ocrx_word' id='word_1_190' title='bbox 954 2813 1039 2869; x_wconf 89' lang='lat' dir='ltr'>Pisas</span> <span class='ocrx_word' id='word_1_191' title='bbox 1061 2814 1262 2872; x_wconf 89' lang='lat' dir='ltr'>convenirent.</span> <span class='ocrx_word' id='word_1_192' title='bbox 1309 2817 1498 2897; x_wconf 51' lang='lat' dir='ltr'>Permissum„</span> 
     </span>
     <span class='ocr_line' id='line_1_23' title="bbox 421 2905 1484 2995; baseline 0 -20"><span class='ocrx_word' id='word_1_193' title='bbox 421 2928 461 2988; x_wconf 87' lang='lat' dir='ltr'>ut,</span> <span class='ocrx_word' id='word_1_194' title='bbox 484 2938 543 2992; x_wconf 86' lang='lat' dir='ltr'>qua</span> <span class='ocrx_word' id='word_1_195' title='bbox 564 2918 647 2986; x_wconf 89' lang='lat' dir='ltr'>irent,</span> <span class='ocrx_word' id='word_1_196' title='bbox 669 2916 800 2991; x_wconf 87' lang='lat' dir='ltr'>protinus</span> <span class='ocrx_word' id='word_1_197' title='bbox 824 2905 980 2975; x_wconf 85' lang='lat' dir='ltr'>subitarios</span> <span class='ocrx_word' id='word_1_198' title='bbox 996 2919 1099 2975; x_wconf 89' lang='lat' dir='ltr'>milites</span> <span class='ocrx_word' id='word_1_199' title='bbox 1121 2919 1285 2991; x_wconf 85' lang='lat' dir='ltr'>scriberent</span> <span class='ocrx_word' id='word_1_200' title='bbox 1305 2923 1484 2995; x_wconf 88' lang='lat' dir='ltr'>ducerentque</span> 
     </span>
     <span class='ocr_line' id='line_1_24' title="bbox 391 3021 1483 3107; baseline 0.004 -31"><span class='ocrx_word' id='word_1_201' title='bbox 391 3024 532 3093; x_wconf 81' lang='lat' dir='ltr'>laecum3</span> <span class='ocrx_word' id='word_1_202' title='bbox 566 3032 595 3080; x_wconf 88' lang='lat' dir='ltr'>ot</span> <span class='ocrx_word' id='word_1_203' title='bbox 615 3023 787 3099; x_wconf 84' lang='lat' dir='ltr'>praetoribus</span> <span class='ocrx_word' id='word_1_204' title='bbox 810 3021 846 3095; x_wconf 80' lang='lat' dir='ltr'>Q.</span> <span class='ocrx_word' id='word_1_205' title='bbox 869 3023 975 3080; x_wconf 92' lang='lat' dir='ltr'>Petilio</span> <span class='ocrx_word' id='word_1_206' title='bbox 998 3034 1027 3080; x_wconf 91' lang='lat' dir='ltr'>et</span> <span class='ocrx_word' id='word_1_207' title='bbox 1057 3024 1093 3097; x_wconf 83' lang='lat' dir='ltr'>Q.</span> <span class='ocrx_word' id='word_1_208' title='bbox 1122 3026 1218 3082; x_wconf 85' lang='lat' dir='ltr'>Fabio</span> <span class='ocrx_word' id='word_1_209' title='bbox 1244 3027 1423 3107; x_wconf 89' lang='lat' dir='ltr'>imperatum</span> <span class='ocrx_word' id='word_1_210' title='bbox 1443 3036 1483 3092; x_wconf 87' lang='lat' dir='ltr'>est,</span> 
     </span>
     <span class='ocr_line' id='line_1_25' title="bbox 421 3128 1481 3213; baseline 0.001 -26"><span class='ocrx_word' id='word_1_211' title='bbox 421 3139 452 3187; x_wconf 90' lang='lat' dir='ltr'>ut</span> <span class='ocrx_word' id='word_1_212' title='bbox 467 3130 680 3213; x_wconf 22' lang='lat' dir='ltr'>Petilius-duas</span> <span class='ocrx_word' id='word_1_213' title='bbox 694 3128 822 3203; x_wconf 83' lang='lat' dir='ltr'>legiones</span> <span class='ocrx_word' id='word_1_214' title='bbox 845 3128 949 3185; x_wconf 92' lang='lat' dir='ltr'>civium</span> <span class='ocrx_word' id='word_1_215' title='bbox 963 3131 1168 3188; x_wconf 81' lang='lat' dir='ltr'>Romanorum</span> <span class='ocrx_word' id='word_1_216' title='bbox 1193 3134 1403 3191; x_wconf 87' lang='lat' dir='ltr'>tumultuarias</span> <span class='ocrx_word' id='word_1_217' title='bbox 1423 3131 1481 3188; x_wconf 86' lang='lat' dir='ltr'>scri·</span> 
     </span>
     <span class='ocr_line' id='line_1_26' title="bbox 420 3233 1480 3314; baseline 0.002 -24"><span class='ocrx_word' id='word_1_218' title='bbox 420 3236 501 3291; x_wconf 87' lang='lat' dir='ltr'>beret</span> <span class='ocrx_word' id='word_1_219' title='bbox 516 3246 544 3292; x_wconf 90' lang='lat' dir='ltr'>et</span> <span class='ocrx_word' id='word_1_220' title='bbox 561 3253 660 3292; x_wconf 92' lang='lat' dir='ltr'>omnes</span> <span class='ocrx_word' id='word_1_221' title='bbox 684 3234 809 3291; x_wconf 90' lang='lat' dir='ltr'>minores</span> <span class='ocrx_word' id='word_1_222' title='bbox 831 3233 1042 3308; x_wconf 86' lang='lat' dir='ltr'>quinquaginta</span> <span class='ocrx_word' id='word_1_223' title='bbox 1062 3237 1144 3293; x_wconf 88' lang='lat' dir='ltr'>annis</span> <span class='ocrx_word' id='word_1_224' title='bbox 1163 3249 1356 3296; x_wconf 89' lang='lat' dir='ltr'>sacramento</span> <span class='ocrx_word' id='word_1_225' title='bbox 1372 3242 1480 3314; x_wconf 87' lang='lat' dir='ltr'>rogaret,</span> 
     </span>
     <span class='ocr_line' id='line_1_27' title="bbox 419 3338 1479 3419; baseline 0.002 -23"><span class='ocrx_word' id='word_1_226' title='bbox 419 3341 523 3411; x_wconf 87' lang='lat' dir='ltr'>Fabio,</span> <span class='ocrx_word' id='word_1_227' title='bbox 546 3351 576 3397; x_wconf 92' lang='lat' dir='ltr'>ut</span> <span class='ocrx_word' id='word_1_228' title='bbox 599 3339 685 3397; x_wconf 90' lang='lat' dir='ltr'>sociis</span> <span class='ocrx_word' id='word_1_229' title='bbox 708 3338 804 3395; x_wconf 85' lang='lat' dir='ltr'>Latini</span> <span class='ocrx_word' id='word_1_230' title='bbox 829 3340 953 3399; x_wconf 90' lang='lat' dir='ltr'>nominis</span> <span class='ocrx_word' id='word_1_231' title='bbox 978 3341 1140 3414; x_wconf 89' lang='lat' dir='ltr'>quindecim</span> <span class='ocrx_word' id='word_1_232' title='bbox 1163 3342 1258 3399; x_wconf 85' lang='lat' dir='ltr'>millia</span> <span class='ocrx_word' id='word_1_233' title='bbox 1281 3345 1421 3419; x_wconf 80' lang='lat' dir='ltr'>peditum,</span> <span class='ocrx_word' id='word_1_234' title='bbox 1444 3360 1479 3399; x_wconf 92' lang='lat' dir='ltr'>oc-</span> 
     </span>
     <span class='ocr_line' id='line_1_28' title="bbox 388 3442 1478 3520; baseline 0.003 -21"><span class='ocrx_word' id='word_1_235' title='bbox 388 3442 562 3519; x_wconf 90' lang='lat' dir='ltr'>8tingentos</span> <span class='ocrx_word' id='word_1_236' title='bbox 586 3447 696 3520; x_wconf 84' lang='lat' dir='ltr'>equites</span> <span class='ocrx_word' id='word_1_237' title='bbox 718 3445 884 3518; x_wconf 88' lang='lat' dir='ltr'>imperaret.</span> <span class='ocrx_word' id='word_1_238' title='bbox 931 3446 1085 3502; x_wconf 86' lang='lat' dir='ltr'>Duumviri</span> <span class='ocrx_word' id='word_1_239' title='bbox 1108 3447 1229 3503; x_wconf 87' lang='lat' dir='ltr'>navales</span> <span class='ocrx_word' id='word_1_240' title='bbox 1256 3450 1351 3506; x_wconf 88' lang='lat' dir='ltr'>creati</span> <span class='ocrx_word' id='word_1_241' title='bbox 1377 3449 1409 3507; x_wconf 83' lang='lat' dir='ltr'>C.</span> <span class='ocrx_word' id='word_1_242' title='bbox 1429 3449 1478 3505; x_wconf 83' lang='lat' dir='ltr'>lla·</span> 
     </span>
     <span class='ocr_line' id='line_1_29' title="bbox 418 3549 1477 3630; baseline 0.001 -25"><span class='ocrx_word' id='word_1_243' title='bbox 418 3549 510 3606; x_wconf 90' lang='lat' dir='ltr'>tienus</span> <span class='ocrx_word' id='word_1_244' title='bbox 523 3559 550 3606; x_wconf 89' lang='lat' dir='ltr'>et</span> <span class='ocrx_word' id='word_1_245' title='bbox 564 3549 597 3607; x_wconf 81' lang='lat'>0.</span> <span class='ocrx_word' id='word_1_246' title='bbox 609 3551 770 3618; x_wconf 90' lang='lat' dir='ltr'>Lucretius,</span> <span class='ocrx_word' id='word_1_247' title='bbox 781 3567 930 3622; x_wconf 83' lang='lat' dir='ltr'>navesque</span> <span class='ocrx_word' id='word_1_248' title='bbox 940 3549 975 3606; x_wconf 91' lang='lat' dir='ltr'>iis</span> <span class='ocrx_word' id='word_1_249' title='bbox 988 3560 1097 3607; x_wconf 85' lang='lat' dir='ltr'>ornatae</span> <span class='ocrx_word' id='word_1_250' title='bbox 1108 3560 1184 3623; x_wconf 92' lang='lat' dir='ltr'>sunt,</span> <span class='ocrx_word' id='word_1_251' title='bbox 1200 3553 1404 3630; x_wconf 90' lang='lat' dir='ltr'>Matienoque,</span> <span class='ocrx_word' id='word_1_252' title='bbox 1415 3554 1477 3611; x_wconf 87' lang='lat' dir='ltr'>cuius</span> 
     </span>
     <span class='ocr_line' id='line_1_30' title="bbox 419 3653 1475 3730; baseline 0.003 -21"><span class='ocrx_word' id='word_1_253' title='bbox 419 3654 456 3709; x_wconf 90' lang='lat' dir='ltr'>ad</span> <span class='ocrx_word' id='word_1_254' title='bbox 479 3653 624 3711; x_wconf 84' lang='lat' dir='ltr'>Gallicum</span> <span class='ocrx_word' id='word_1_255' title='bbox 647 3655 741 3711; x_wconf 88' lang='lat' dir='ltr'>sinum</span> <span class='ocrx_word' id='word_1_256' title='bbox 764 3654 915 3729; x_wconf 91' lang='lat' dir='ltr'>provincia</span> <span class='ocrx_word' id='word_1_257' title='bbox 940 3665 1018 3726; x_wconf 87' lang='lat' dir='ltr'>erat,</span> <span class='ocrx_word' id='word_1_258' title='bbox 1041 3656 1216 3730; x_wconf 88' lang='lat' dir='ltr'>imperatum</span> <span class='ocrx_word' id='word_1_259' title='bbox 1241 3669 1296 3730; x_wconf 90' lang='lat' dir='ltr'>est,</span> <span class='ocrx_word' id='word_1_260' title='bbox 1320 3670 1353 3717; x_wconf 93' lang='lat' dir='ltr'>ut</span> <span class='ocrx_word' id='word_1_261' title='bbox 1375 3661 1475 3717; x_wconf 86' lang='lat' dir='ltr'>classem</span> 
     </span>
     <span class='ocr_line' id='line_1_31' title="bbox 417 3758 1475 3839; baseline 0.002 -25"><span class='ocrx_word' id='word_1_262' title='bbox 417 3758 511 3831; x_wconf 76' lang='lat' dir='ltr'>primo</span> <span class='ocrx_word' id='word_1_263' title='bbox 534 3777 651 3832; x_wconf 91' lang='lat' dir='ltr'>quoque</span> <span class='ocrx_word' id='word_1_264' title='bbox 673 3769 802 3834; x_wconf 90' lang='lat' dir='ltr'>tempore</span> <span class='ocrx_word' id='word_1_265' title='bbox 825 3760 992 3822; x_wconf 88' lang='lat' dir='ltr'>duceretin</span> <span class='ocrx_word' id='word_1_266' title='bbox 1016 3761 1155 3836; x_wconf 89' lang='lat' dir='ltr'>Ligurum</span> <span class='ocrx_word' id='word_1_267' title='bbox 1180 3781 1283 3834; x_wconf 87' lang='lat' dir='ltr'>oram,</span> <span class='ocrx_word' id='word_1_268' title='bbox 1310 3764 1335 3821; x_wconf 91' lang='lat' dir='ltr'>si</span> <span class='ocrx_word' id='word_1_269' title='bbox 1359 3784 1414 3839; x_wconf 94' lang='lat' dir='ltr'>quo</span> <span class='ocrx_word' id='word_1_270' title='bbox 1429 3761 1475 3820; x_wconf 90' lang='lat' dir='ltr'>usui</span> 
     </span>
     <span class='ocr_line' id='line_1_32' title="bbox 419 3864 1475 3946; baseline 0.005 -28"><span class='ocrx_word' id='word_1_271' title='bbox 419 3881 482 3919; x_wconf 91' lang='lat' dir='ltr'>esse</span> <span class='ocrx_word' id='word_1_272' title='bbox 504 3865 537 3921; x_wconf 87' lang='lat' dir='ltr'>L.</span> <span class='ocrx_word' id='word_1_273' title='bbox 561 3864 685 3920; x_wconf 87' lang='lat' dir='ltr'>AEmilio</span> <span class='ocrx_word' id='word_1_274' title='bbox 708 3874 796 3938; x_wconf 86' lang='lat' dir='ltr'>atque</span> <span class='ocrx_word' id='word_1_275' title='bbox 824 3865 963 3922; x_wconf 84' lang='lat' dir='ltr'>exercitui</span> <span class='ocrx_word' id='word_1_276' title='bbox 988 3866 1048 3922; x_wconf 92' lang='lat' dir='ltr'>eius</span> <span class='ocrx_word' id='word_1_277' title='bbox 1070 3877 1177 3941; x_wconf 89' lang='lat' dir='ltr'>posset.</span> <span class='ocrx_word' id='word_1_278' title='bbox 1232 3870 1393 3941; x_wconf 89' lang='lat' dir='ltr'>AEmilius,</span> <span class='ocrx_word' id='word_1_279' title='bbox 1413 3877 1475 3946; x_wconf 90' lang='lat' dir='ltr'>post·</span> 
     </span>
     <span class='ocr_line' id='line_1_33' title="bbox 385 3967 1474 4049; baseline 0.001 -25"><span class='ocrx_word' id='word_1_280' title='bbox 385 4004 387 4010; x_wconf 37' lang='grc' dir='ltr'><em>ι</em></span> <span class='ocrx_word' id='word_1_281' title='bbox 418 3986 505 4041; x_wconf 91' lang='lat' dir='ltr'>quam</span> <span class='ocrx_word' id='word_1_282' title='bbox 529 3967 601 4024; x_wconf 91' lang='lat' dir='ltr'>nihil</span> <span class='ocrx_word' id='word_1_283' title='bbox 628 3987 749 4041; x_wconf 89' lang='lat' dir='ltr'>usquam</span> <span class='ocrx_word' id='word_1_284' title='bbox 781 3969 882 4026; x_wconf 85' lang='lat' dir='ltr'>auxilii</span> <span class='ocrx_word' id='word_1_285' title='bbox 912 3972 1131 4041; x_wconf 86' lang='lat' dir='ltr'>ostendebatur,</span> <span class='ocrx_word' id='word_1_286' title='bbox 1163 3971 1346 4049; x_wconf 89' lang='lat' dir='ltr'>interceptos</span> <span class='ocrx_word' id='word_1_287' title='bbox 1376 3974 1474 4031; x_wconf 85' lang='lat' dir='ltr'>credens</span> 
     </span>
     <span class='ocr_line' id='line_1_34' title="bbox 418 4073 1473 4153; baseline 0.004 -25"><span class='ocrx_word' id='word_1_288' title='bbox 418 4074 544 4146; x_wconf 90' lang='lat' dir='ltr'>equites,</span> <span class='ocrx_word' id='word_1_289' title='bbox 585 4092 644 4129; x_wconf 92' lang='lat' dir='ltr'>non</span> <span class='ocrx_word' id='word_1_290' title='bbox 667 4074 743 4130; x_wconf 89' lang='lat' dir='ltr'>ultra</span> <span class='ocrx_word' id='word_1_291' title='bbox 770 4073 960 4132; x_wconf 86' lang='lat' dir='ltr'>differendum</span> <span class='ocrx_word' id='word_1_292' title='bbox 983 4085 1080 4147; x_wconf 88' lang='lat' dir='ltr'>ratus,</span> <span class='ocrx_word' id='word_1_293' title='bbox 1116 4077 1186 4150; x_wconf 91' lang='lat' dir='ltr'>quin</span> <span class='ocrx_word' id='word_1_294' title='bbox 1215 4097 1271 4153; x_wconf 89' lang='lat' dir='ltr'>per</span> <span class='ocrx_word' id='word_1_295' title='bbox 1293 4098 1325 4136; x_wconf 90' lang='lat' dir='ltr'>se</span> <span class='ocrx_word' id='word_1_296' title='bbox 1347 4080 1473 4137; x_wconf 85' lang='lat' dir='ltr'>fortunam</span> 
     </span>
     <span class='ocr_line' id='line_1_35' title="bbox 387 4179 1474 4259; baseline 0 -23"><span class='ocrx_word' id='word_1_297' title='bbox 387 4183 558 4246; x_wconf 80' lang='lat' dir='ltr'>2tentoret,</span> <span class='ocrx_word' id='word_1_298' title='bbox 599 4179 767 4252; x_wconf 90' lang='lat' dir='ltr'>priusquam</span> <span class='ocrx_word' id='word_1_299' title='bbox 811 4181 910 4237; x_wconf 88' lang='lat' dir='ltr'>hostes</span> <span class='ocrx_word' id='word_1_300' title='bbox 946 4182 1091 4250; x_wconf 88' lang='lat' dir='ltr'>venirent,</span> <span class='ocrx_word' id='word_1_301' title='bbox 1144 4181 1194 4254; x_wconf 91' lang='lat' dir='ltr'>qui</span> <span class='ocrx_word' id='word_1_302' title='bbox 1236 4185 1358 4259; x_wconf 87' lang='lat' dir='ltr'>segnius</span> <span class='ocrx_word' id='word_1_303' title='bbox 1396 4199 1474 4241; x_wconf 91' lang='lat' dir='ltr'>socor-</span> 
     </span>
     <span class='ocr_line' id='line_1_36' title="bbox 419 4282 1475 4362; baseline 0.01 -24"><span class='ocrx_word' id='word_1_304' title='bbox 419 4282 540 4356; x_wconf 92' lang='lat' dir='ltr'>diusque</span> <span class='ocrx_word' id='word_1_305' title='bbox 563 4284 788 4358; x_wconf 81' lang='lat' dir='ltr'>oppugnabant,</span> <span class='ocrx_word' id='word_1_306' title='bbox 822 4285 860 4341; x_wconf 89' lang='lat' dir='ltr'>ad</span> <span class='ocrx_word' id='word_1_307' title='bbox 882 4295 1021 4361; x_wconf 87' lang='lat' dir='ltr'>quattuor</span> <span class='ocrx_word' id='word_1_308' title='bbox 1042 4294 1142 4362; x_wconf 92' lang='lat' dir='ltr'>portas</span> <span class='ocrx_word' id='word_1_309' title='bbox 1165 4289 1329 4347; x_wconf 86' lang='lat' dir='ltr'>exercitum</span> <span class='ocrx_word' id='word_1_310' title='bbox 1352 4285 1475 4352; x_wconf 76' lang='lat' dir='ltr'>instrunt</span> 
     </span>
    </p>
   </div>
   <div class='ocr_carea' id='block_1_5' title="bbox 0 0 1755 5025">
    <p class='ocr_par' dir='ltr' id='par_1_5' title="bbox 0 0 1755 5025">
     <span class='ocr_line' id='line_1_37' title="bbox 0 0 1755 5025; baseline 0 0"><span class='ocrx_word' id='word_1_311' title='bbox 0 0 1755 5025; x_wconf 95' lang='lat' dir='ltr'> </span> 
     </span>
    </p>
   </div>
  </div>
 </body>
</html>
