3484 5025
492 534 547 590 172
749 530 828 579 Liber
844 528 975 582 XXXIV.
1011 527 1220 590 (A.n.e.so1.)

415 713 619 773 5Chersonasi
646 713 767 769 urbibus
802 712 895 768 arceri
924 710 1121 782 Antiochum,
1157 730 1257 786 mum,
1285 730 1352 786 quac
1375 711 1490 772 &tom

445 838 574 896 proavus
603 819 679 887 eius,
709 816 886 892 Lysimacho
916 835 985 891 rege
1013 817 1089 874 bello
1116 815 1196 873 victo
1224 824 1254 874 et
1281 817 1312 874 in
1340 818 1403 876 acia
1425 833 1490 884 out,

446 944 498 1000 per
526 941 670 980 summum
690 922 780 983 alecus
801 930 889 996 parta
910 921 1075 996 reliquerit,
1105 922 1169 996 pari
1196 939 1263 980 eum
1292 922 1382 980 landa
1401 921 1488 992 uid,

446 1031 484 1086 ab
513 1028 677 1085 Thracibus
717 1044 871 1102 possessa,
906 1026 1011 1101 partim
1047 1025 1136 1083 armis
1170 1026 1315 1102 receperit
1341 1027 1488 1100 Αιιιίοὼιη

444 1133 551 1209 partim
575 1133 699 1201 deserta,
721 1132 796 1188 siout
818 1132 912 1206 ipsam
936 1130 1171 1205 Lysimachiam,
1202 1140 1232 1187 et
1252 1131 1402 1190 revocatis
1419 1131 1487 1190 ultr

445 1237 525 1295 ribus
543 1235 772 1311 frequentaverit
793 1245 830 1305 et,
853 1253 917 1310 ques
936 1244 1029 1293 strata
1049 1234 1139 1292 ruinis
1156 1241 1245 1310 atquc
1264 1234 1405 1296 incendiis
1419 1235 1485 1306 ard

416 1340 609 1417 (tingentibus
630 1340 769 1415 impensis
790 1340 984 1398 edificaverit.
1039 1339 1116 1413 Quid
1137 1340 1227 1415 igitur
1253 1340 1352 1400 simile
1371 1359 1441 1412 sess,
1490 1333 1494 1338 ¹

446 1465 482 1503 ea
499 1447 699 1521 possessione,
727 1446 770 1501 ita
790 1454 893 1520 parta,
919 1445 962 1502 ita
982 1452 1171 1520 recuperata,
1198 1445 1305 1504 deduci
1325 1441 1486 1520 Antioahaq‘

446 1559 475 1606 et
492 1552 655 1608 Romanos
685 1550 831 1607 abstinere
863 1550 953 1620 Asia,
992 1567 1057 1623 quae
1088 1567 1238 1624 uunquam
1269 1568 1372 1609 eornm
1404 1545 1487 1610 ualet

416 1655 615 1714 7Amicitiam
637 1658 838 1713 Romanorum
866 1664 1002 1729 expetere
1023 1654 1218 1726 Antiochum,
1248 1656 1302 1713 sad
1331 1674 1396 1731 quo
1416 1655 1483 1732 imp*

415 1760 524 1817 Strata
546 1760 646 1835 glorias
667 1760 732 1828 sibi,
755 1779 814 1817 non
837 1758 942 1835 pudori
962 1758 1009 1815 sit.
1057 1759 1108 1816 Ad
1122 1760 1184 1816 haeo
1200 1758 1404 1832 Quinctiu8,¹
1419 1788 1444 1807 w
1477 1741 1480 1746 ¹

446 1866 581 1940 quidem“
620 1865 715 1940 inquit
753 1866 895 1934 „honesta
932 1880 1105 1938 pensamus,
1151 1863 1227 1921 sicut
1268 1873 1322 1921 aut
1357 1864 1419 1922 sola
1450 1869 1483 1922 1

445 1971 540 2047 prima
569 1978 646 2028 certe
673 1969 789 2045 pensari
814 1970 897 2025 decet
926 1968 1049 2044 principi
1075 1968 1155 2025 orbis
1186 1978 1332 2026 terrarum
1353 1968 1452 2046 populo

414 2076 528 2133 litanto
550 2076 623 2151 regi,
645 2084 740 2132 utrum
762 2075 880 2131 tandem
902 2074 1018 2130 videtur
1037 2074 1196 2144 honestius,
1217 2074 1328 2132 liberas
1351 2074 1422 2132 velle
1445 2103 1447 2121 ι
1473 2121 1481 2127 .,

445 2200 507 2253 nes,
533 2200 598 2256 quae
618 2180 726 2253 ubique
748 2187 823 2247 sunt,
846 2178 969 2237 Graeciae
989 2179 1086 2249 urbes,
1113 2196 1151 2235 an
1179 2196 1280 2237 serras
1303 2189 1334 2238 et
1356 2199 1388 2237 va

398 2287 433 2341 10
446 2286 565 2344 facere?
592 2286 625 2345 Si
655 2285 710 2342 sibi
731 2283 896 2342 Antiochus
923 2284 1074 2357 pulchrum
1101 2300 1165 2341 esse
1186 2259 1315 2356 censet,
1330 2302 1403 2361 quas
1430 2313 1441 2334 n

446 2410 575 2466 proavus
604 2390 673 2448 belli
693 2390 757 2446 iuro
778 2388 931 2458 habuerit,
962 2405 1035 2443 avus
1056 2396 1197 2462 paterque
1218 2407 1369 2464 nunquam
1398 2418 1457 2439 ων

399 2497 430 2552 ll
447 2498 542 2555 verint
569 2517 623 2573 pro
650 2494 726 2565 suis,
755 2512 805 2552 cas
837 2501 967 2568 repetere
987 2491 1018 2549 in
1039 2492 1223 2563 servitutem,
1254 2501 1283 2551 et
1304 2494 1427 2570 populus
1453 2504 1463 2542 l

448 2621 550 2659 manus
574 2609 737 2676 susceptum
752 2598 945 2675 patrocinium
960 2597 1102 2654 libertatis
1114 2597 1285 2656 Graecorum
1300 2618 1361 2657 non
1379 2601 1438 2657 du:
1459 2638 1460 2642 ,

398 2707 434 2762 12
447 2706 514 2763 fidei
534 2705 761 2778 constantiaeque
780 2723 839 2760 snae
857 2702 937 2759 dnoit
954 2720 1027 2759 esse.
1074 2701 1156 2760 Sicut
1173 2721 1191 2758 a
1207 2703 1348 2780 Philippo
1366 2704 1395 2763 G

446 2811 590 2881 liberavit,
605 2811 646 2867 ita
661 2820 690 2866 et
701 2811 738 2866 ab
754 2809 903 2866 Antiocho
915 2807 997 2864 Asia
1012 2808 1108 2878 urbes,
1126 2826 1190 2882 quae
1205 2807 1291 2867 Graii
1306 2808 1428 2867 nominis
1442 2806 1458 2821 ''

398 2917 571 2973 lssliberare
600 2915 630 2972 in
662 2914 759 2971 auimo
781 2913 879 2971 habet.
933 2912 1039 2984 Neque
1061 2910 1136 2966 enim
1158 2911 1188 2967 in
1209 2913 1362 2971 AEolidam
1383 2915 1436 2973 Io
1477 2955 1479 2958 -

447 3040 504 3095 qne
525 3019 646 3076 coloniae
667 3020 696 3076 in
719 3019 887 3074 servitutem
909 3017 1019 3091 regiam
1044 3016 1139 3073 misem
1160 3025 1235 3086 sunt,
1263 3019 1316 3074 sed
1337 3018 1433 3095 stirpis

446 3125 548 3201 gendae
568 3141 658 3180 causa
678 3123 829 3198 gentisque
850 3121 1054 3177 vetustissimae
1074 3140 1128 3196 per
1152 3123 1251 3179 orbem
1277 3132 1421 3182 terrerum
1446 3153 1447 3170 r
1481 3185 1482 3188 Ἴ

353 3224 399 3290 59
446 3229 617 3306 pagandae.“
673 3227 769 3299 Quum
797 3226 944 3283 haesitaret
965 3225 1155 3300 Hegesianax
1186 3244 1240 3284 neo
1264 3227 1386 3285 infitiari
1412 3256 1432 3277 ιι

447 3334 641 3391 honestiorem
670 3349 788 3387 causam
816 3330 958 3386 libertatis
989 3348 1076 3404 quam
1107 3330 1253 3388 servitutis
1275 3332 1398 3405 praetexi
1425 3358 1446 3372 ·=

449 3438 545 3510 „Quin
569 3437 707 3493 mittimus
733 3433 912 3508 ambages?“
937 3433 1031 3507 inquit
1051 3435 1087 3493 P.
1111 3434 1265 3509 Sulpicius,
1296 3437 1347 3511 qui
1369 3456 1397 3495 m
1429 3462 1450 3485 «ι

417 3543 517 3597 ἳιιιιιιι
542 3559 579 3596 ex
601 3541 700 3597 decem
721 3540 826 3615 legatis
848 3547 919 3594 erat.
975 3538 1134 3606 „Alteram
1157 3557 1193 3595 ex
1220 3539 1337 3598 duabus
1368 3560 1403 3599 oo
1427 3571 1457 3586 »v

447 3646 542 3715 nibus,
570 3662 634 3718 quae
663 3643 751 3700 modo
783 3644 890 3700 diserte
917 3662 936 3699 a
966 3643 1101 3715 Quinctio
1127 3643 1194 3700 latre
1219 3652 1304 3716 sunt,
1332 3646 1431 3721 legite,

415 3750 632 3825 3supersedete
653 3749 689 3805 de
711 3746 839 3804 amicitia
861 3752 979 3822 agere.“
1025 3748 1109 3815 „Nos
1130 3751 1220 3805 vero⁴⁴
1243 3748 1340 3823 inquit
1357 3750 1456 3807 Mos

448 3872 519 3923 „neo
547 3853 682 3911 volumus
711 3870 765 3908 neo
792 3869 947 3926 possumus
977 3852 1086 3927 pacisci
1115 3853 1288 3926 quicquam,
1312 3870 1372 3928 quo
1414 3880 1439 3918 a,

446 3957 586 4017 Antiochi
607 3958 782 4014 minuatur.“

416 4067 433 4119 4
529 4064 654 4121 Postero
676 4061 724 4118 die
745 4061 896 4134 Quinctius
918 4060 1079 4135 legationes
1099 4061 1251 4118 universas
1274 4044 1401 4121 Grecis
1427 4056 1463 4110 --'

448 4186 505 4242 quo
533 4185 621 4240 quum
650 4167 679 4223 in
702 4176 834 4223 senatum
854 4165 1079 4238 introduxisset,
1105 4174 1138 4222 ut
1160 4166 1281 4238 scirent,
1309 4166 1392 4240 quali
1442 4195 1450 4208 ¹

447 4272 572 4346 populus
593 4272 759 4338 Romanus,
790 4270 928 4344 qualique
948 4272 1113 4328 Antiochus
1141 4288 1212 4346 erga
1235 4271 1373 4331 civitates
1395 4271 1423 4333 G
1451 4307 1466 4316 ν
