3484 5025
468 537 527 594 218
716 536 795 584 Liber
813 533 929 585 xxxu
967 535 1014 597 (n.
1035 547 1059 582 u.
1080 550 1102 586 c.
1123 533 1199 597 ser.)

425 720 658 787 tutissimaesset,
670 719 794 791 quietem
803 728 984 793 praestarent,
993 717 1475 793 spectatoresquahalliiortuuarun

425 825 584 881 alienarum
596 832 730 881 event-um
743 824 804 880 sine
816 824 875 880 ullo
884 823 1047 880 discrimine
1055 841 1279 882 rerumsuarum
1286 811 1485 899 opperirentur

375 935 384 987 l
397 935 406 987 l
424 927 585 987 Provecius
597 929 700 986 deinde
712 940 755 986 est
770 928 993 1003 intemperantia
1003 928 1109 1002 linguae
1119 928 1150 984 in
1162 928 1320 986 maledicta
1330 947 1406 986 uuna
1414 947 1476 986 con·

376 1038 409 1093 12
424 1037 548 1092 munitor
568 1037 786 1104 Romanorum,
816 1052 893 1091 nunc
921 1034 1039 1108 proprie
1065 1034 1156 1109 ipsius
1185 1032 1335 1107 Quinctii,
1366 1033 1476 1109 ingratos

425 1141 575 1216 appellans
609 1149 638 1197 et
675 1142 855 1216 exprobrans
885 1158 945 1195 non
976 1138 1127 1197 victoriam
1164 1139 1255 1195 modo
1291 1139 1329 1196 de
1360 1139 1475 1215 Philippo

424 1247 530 1303 virtute
557 1246 725 1303 AEtolorum
754 1252 887 1319 partam,
918 1245 969 1302 sed
1000 1244 1087 1301 etiam
1115 1244 1255 1316 salutem,
1284 1244 1475 1319 ipsumqusst

377 1356 410 1410 13
424 1351 580 1409 exercitum
615 1369 669 1407 sua
704 1368 794 1424 opera
825 1357 968 1406 servatos.
1031 1348 1097 1422 Quo
1137 1349 1213 1406 enim
1252 1349 1336 1407 illum
1369 1367 1474 1424 uuqun

423 1456 607 1532 imperatoris
625 1455 754 1512 functum
775 1453 871 1511 officio
889 1452 973 1511 esse?
1013 1455 1223 1529 Auspicautem
1238 1454 1475 1529 immolantemqu

424 1573 453 1619 et
481 1571 551 1620 vota
581 1569 795 1635 nuncupantem
826 1558 979 1616 sacrificuli
1007 1559 1083 1616 vatis
1112 1559 1200 1616 modo
1228 1559 1261 1615 in
1291 1559 1356 1617 acia
1380 1559 1474 1624 vidista

329 1664 372 1733 49
425 1687 513 1742 quum
542 1667 606 1742 ipse
634 1684 739 1741 eorpus
766 1684 850 1721 suum
879 1683 934 1740 pro
956 1683 991 1721 eo
1013 1664 1078 1722 telis
1099 1664 1226 1722 hostium
1249 1665 1396 1723 obiiceret
1435 1663 1473 1722 Ad

425 1793 460 1830 ea
481 1772 648 1845 Quinctius,
680 1790 778 1829 eoram
809 1771 913 1845 quibus
943 1769 1052 1843 magis,
1081 1788 1168 1842 quam
1199 1770 1280 1845 apud
1310 1788 1384 1846 quos
1402 1769 1474 1828 verbs

393 1878 549 1948 2faceret,
574 1878 669 1935 dicere
690 1874 901 1933 Archidamum
923 1875 1066 1931 rationem
1085 1876 1238 1946 habuisse;
1268 1877 1397 1934 Achaeos
1414 1873 1471 1931 enin

424 1986 515 2060 probe
544 1983 634 2053 scire,
663 1980 831 2038 AEtotorum
860 1999 974 2037 omnem
1004 1979 1143 2037 ferociam
1172 1981 1202 2037 iu
1230 1981 1347 2053 verbis,
1375 1977 1471 2036 nonin

423 2089 508 2146 factis
530 2106 610 2159 esse,
631 2096 660 2145 et
682 2088 713 2144 in
736 2086 864 2144 conciliis
886 2086 979 2159 magis
1002 2086 1243 2160 contionibusque
1266 2103 1355 2160 quarn
1378 2085 1406 2142 in
1425 2081 1473 2140 ads

393 2203 573 2269 3apparere.
628 2194 733 2265 Itaque
765 2190 849 2266 parvi
882 2191 1058 2248 Achaeorum
1092 2190 1355 2261 existimationem,
1388 2189 1482 2264 qmbu-

423 2310 508 2356 notos
528 2316 591 2356 esse
612 2317 644 2355 se
666 2298 787 2365 scirent,
808 2294 928 2364 ieciss03
960 2295 1064 2369 legatis
1085 2297 1163 2371 regis
1184 2307 1214 2353 et
1235 2316 1290 2372 per
1309 2314 1362 2354 eos
1381 2289 1481 2353 obrui:-

393 2406 485 2480 tregi
507 2424 572 2461 eum
594 2423 626 2460 se
646 2404 779 2460 iactasse.
823 2400 955 2473 Quodsi
977 2401 1043 2474 quis
1064 2410 1150 2457 antea
1170 2402 1346 2476 ignorasset,
1367 2419 1426 2477 quo
1436 2415 1482 2458 m·

424 2511 601 2569 Antiochum
630 2518 659 2566 et
687 2507 806 2566 AEtolos
835 2507 1048 2573 coniunxisset,
1088 2527 1124 2564 ex
1159 2508 1324 2583 legatorum
1361 2522 1488 2567 sormunt·

423 2617 551 2690 potuisse
583 2632 740 2690 apparere,
780 2613 945 2669 mentiendo
981 2614 1010 2668 in
1043 2613 1134 2670 vicem
1173 2614 1370 2690 iactandoque
1404 2614 1485 2681 viru,-

424 2739 496 2793 quas
525 2739 582 2777 non
611 2720 766 2786 habereut,
802 2717 920 2775 inflasse
955 2738 1034 2775 vana
1065 2738 1116 2794 spe
1149 2729 1238 2793 atque
1272 2721 1388 2779 inflatos
1415 2734 1470 2783 Μ

393 2825 511 2891 5„dum
544 2824 574 2879 hi
606 2825 643 2881 ab
676 2841 707 2880 se
739 2824 845 2880 victum
879 2824 1065 2899 Philippum,
1105 2843 1159 2881 sua
1200 2827 1308 2884 virtute
1347 2832 1480 2902 protectu-

422 2930 572 2986 Romanos
601 2939 645 3000 et,
677 2948 741 3003 quae
762 2930 849 2985 modo
875 2929 1051 2998 audiebatis,
1077 2940 1216 3000 narrant,
1247 2949 1302 2987 vos
1325 2942 1472 3001 ceterasque

422 3035 554 3091 civitates
581 3044 610 3092 ct
636 3046 737 3109 gentes
766 3053 848 3090 suam
879 3043 987 3090 sectam
1018 3052 1081 3090 esse
1109 3044 1277 3106 secuturos,
1309 3056 1363 3094 rex
1389 3041 1467 3092 eoam

422 3140 549 3214 peditum
573 3142 760 3214 equitumque
781 3140 872 3195 nubes
894 3139 984 3196 iactat
1006 3148 1034 3196 et
1056 3141 1212 3197 consternit
1234 3142 1331 3198 maria
1352 3139 1476 3225 clasubw·

391 3247 490 3304 tisuis.
533 3247 588 3302 Est
608 3256 703 3302 autem
725 3262 772 3301 res
794 3244 941 3301 simillima
962 3263 1039 3301 cenae
1061 3243 1260 3302 Chalcidensis
1282 3247 1402 3322 hospitis
1418 3238 1464 3307 mi

421 3351 545 3408 hominis
575 3360 604 3408 et
634 3350 703 3408 boni
732 3358 760 3406 et
788 3350 853 3406 sciti
877 3350 1086 3418 convivatoris,
1120 3352 1199 3425 apud
1231 3370 1318 3425 quem
1349 3344 1464 3409 solstitia!

420 3466 551 3530 tempore
573 3457 694 3512 comiter
715 3456 826 3530 accepti
841 3474 929 3528 quum
948 3454 1129 3527 miraremur,
1151 3457 1227 3512 unde
1246 3457 1288 3513 illi
1307 3477 1344 3515 eo
1362 3466 1464 3529 tempu

392 3562 488 3618 7anni
517 3571 576 3617 tam
602 3562 694 3617 multa
715 3570 744 3617 et
765 3561 848 3617 varia
869 3560 1003 3629 venatio,
1035 3559 1123 3615 homo
1152 3579 1227 3628 non,
1260 3581 1322 3636 qua
1344 3563 1390 3620 isti
1410 3564 1464 3620 mi

420 3667 572 3740 gloriosus,
594 3666 727 3723 renidens
749 3664 939 3722 condimentis
961 3664 1002 3720 ait
1024 3666 1192 3722 varietatem
1215 3666 1297 3724 illam
1321 3679 1350 3724 et
1365 3664 1462 3743 specis!
1499 3672 1507 3683 “

390 3768 518 3825 tferinae
546 3771 641 3826 carnis
671 3790 708 3826 ex
738 3779 889 3826 mansueto
920 3788 972 3825 sue
999 3768 1137 3827 factam.“
1187 3771 1255 3826 Hoc
1281 3772 1339 3829 dici
1367 3766 1463 3847 aptail

420 3873 520 3947 copias
541 3875 632 3948 regis,
655 3894 719 3948 quae
740 3875 829 3950 paulo
851 3883 919 3930 ante
939 3875 1054 3931 iactatae
1075 3875 1149 3946 sint,
1174 3894 1277 3949 posse;
1308 3878 1392 3936 varia
1408 3874 1463 3933 eni·

419 3996 527 4052 genera
549 3998 695 4036 armorum
718 3990 747 4036 et
769 3981 860 4037 multa
882 3979 1000 4035 nomina
1015 3981 1141 4054 gentium
1157 3981 1365 4053 inauditarum,
1385 3980 1464 4040 Dat·

420 4095 448 4139 et
468 4084 573 4140 Mcdos
600 4093 628 4140 et
650 4081 792 4141 Cadusios
821 4094 849 4141 et
870 4084 1033 4159 Elymaeos,
1064 4086 1154 4160 Syros
1179 4104 1280 4143 omnes
1302 4106 1382 4159 esse,
1406 4078 1464 4145 bsai
1505 4078 1507 4083 ⁵

420 4188 507 4261 paulo
544 4189 752 4263 mancipiorum
788 4189 890 4246 meiius
926 4200 1046 4265 propter
1084 4191 1201 4247 servilia
1239 4191 1358 4268 ingenia
1397 4202 1463 4266 qua!

389 4291 540 4349 9militum
565 4311 663 4366 genus.
722 4295 780 4361 „Et
808 4295 918 4351 utinam
949 4295 1090 4352 subiicere
1111 4297 1216 4353 vestris
1239 4298 1348 4370 oculis,
1376 4290 1464 4359 Achai»
