3484 5025
622 536 701 587 Liber
717 535 820 585 mr.
857 539 904 603 (A.
920 536 966 589 (lh.
980 536 1051 599 200.)
1287 539 1322 594 41

291 727 409 777 tantum
437 720 514 777 enim
537 737 687 777 nnmerum
713 721 819 778 bellum
841 721 1008 796 gerentibus
1037 721 1176 783 adversus
1199 719 1365 794 Philippum

292 823 431 880 debebat.
486 824 523 880 Id
545 835 681 899 negatum
703 826 822 895 AEtolis,
844 827 925 900 quod
945 826 988 883 illi
1011 845 1128 901 quoque
1149 823 1263 899 gravati
1287 824 1397 898 prinsl

294 940 393 986 essent
432 929 483 1002 adx
512 930 709 1003 populandam
749 932 953 988 Macedoniam
993 932 1088 1000 exis-e,
1129 948 1187 1004 quo
1228 940 1367 1002 tempore,

294 1035 436 1109 Philippo
458 1034 537 1091 eirea
558 1035 734 1116 Pergamum
758 1047 858 1093 urente
879 1055 964 1094 sacra
984 1036 1176 1111 profanaque,
1198 1035 1368 1091 abstrahere

296 1159 360 1197 earm
383 1139 454 1196 inde
474 1149 607 1214 respectu
628 1160 724 1197 rerum
746 1159 864 1198 suarum
886 1142 1056 1216 potuissent.
1113 1142 1161 1197 Ite
1183 1140 1278 1198 AEtoli
1302 1139 1396 1199 cumi

296 1264 346 1321 spe
374 1246 486 1319 magis,
519 1246 660 1303 Romanis
689 1248 787 1304 omnia
813 1248 1028 1323 pollicentibus,
1058 1265 1145 1320 quam
1171 1264 1235 1303 cum
1258 1245 1367 1302 auxilio

297 1352 421 1418 dimissi3
445 1351 589 1424 Apustius
611 1370 675 1408 cum
699 1354 801 1409 Attalo
824 1354 861 1409 ad
884 1354 1006 1410 classem
1027 1354 1111 1410 redit.

380 1456 455 1511 Inde
485 1456 592 1529 agitari
620 1456 657 1513 de
684 1456 763 1515 Oreo
794 1461 992 1533 oppugnando
1021 1469 1156 1534 coaptum.
1203 1456 1311 1512 Valida
1333 1453 1398 1510 aab

299 1560 399 1617 civitas
430 1570 460 1618 et
482 1562 624 1618 moenibus
649 1573 690 1632 et,
723 1564 793 1637 quia·
820 1572 888 1620 ante
916 1561 1011 1619 fuerat
1038 1572 1163 1631 tentata,
1194 1563 1277 1617 firmo
1305 1568 1368 1616 erat

300 1666 443 1740 praesidio.
499 1665 719 1723 coniunxerant
755 1686 786 1724 se
822 1668 859 1725 iis
896 1677 963 1743 post
996 1668 1239 1742 expugnationem
1273 1665 1368 1722 Andri

302 1789 361 1827 cnm
384 1770 525 1846 praefecto
541 1772 749 1845 Agesimbroto
770 1774 873 1848 viginti
889 1774 1012 1831 Rhodiae
1033 1786 1133 1841 naves,
1155 1782 1237 1829 tectae
1260 1790 1367 1829 omnes.

302 1877 371 1933 llam
394 1877 519 1933 classem
545 1876 574 1931 in
597 1877 750 1933 stationem
781 1879 819 1935 ad
840 1880 986 1936 Zelasium
1010 1879 1149 1934 miserunt
1180 1876 1396 1950 (Phthiotidisl

303 1999 384 2056 super
402 1981 623 2038 Demetriadem
646 1984 876 2056 promuntorium
899 1995 943 2040 est
964 1994 1179 2057 peropportune
1201 1980 1368 2053 obiectum),

306 2096 340 2154 ut,
356 2086 380 2142 si
397 2085 468 2159 quid
485 2086 554 2142 inde
572 2097 721 2143 moverent
736 2089 930 2145 Macedonum
945 2106 1045 2157 naves,
1066 2088 1095 2144 in
1113 2088 1246 2162 praesidio
1264 2095 1367 2143 essent.

306 2191 471 2249 Heraclides
502 2191 655 2263 praefectus
682 2194 779 2267 regius
806 2194 926 2250 classem
955 2193 995 2249 ibi
1023 2194 1155 2256 tenebat,
1195 2192 1287 2266 magis
1316 2190 1397 2266 peril

309 2298 501 2366 occasionem,
545 2297 570 2351 si
606 2315 692 2369 quam
730 2298 906 2372 negligentia
937 2298 1062 2355 hostium
1097 2298 1239 2365 dedisset,
1280 2315 1365 2370 quam

310 2412 400 2475 aperta
422 2402 454 2457 vi
476 2401 631 2475 quicquam
654 2420 786 2459 ausurus.
843 2401 953 2460 Oreum
983 2402 1089 2458 diversi
1111 2402 1235 2459 Romani
1264 2411 1292 2457 et
1315 2400 1398 2457 rexi)

259 2490 262 2559 l
309 2508 416 2564 Attalus
439 2507 659 2582 oppugnabant,
681 2495 807 2565 Romani
830 2527 847 2565 a
869 2508 1015 2565 maritima
1037 2526 1112 2574 aree,
1134 2506 1206 2582 regii
1229 2506 1367 2563 adversus
1466 2553 1468 2557 .

310 2613 403 2669 vallem
425 2613 502 2668 inter
523 2614 596 2669 duas
618 2614 758 2669 iacentem
783 2631 875 2683 arces,
897 2632 956 2687 qua
977 2623 1006 2670 et
1022 2632 1104 2670 muro
1119 2614 1284 2686 intersaepta
1299 2613 1368 2668 urbs

259 2732 262 2751 ¹
312 2728 354 2778 est.
392 2721 432 2776 Et
453 2729 487 2775 ut
507 2719 574 2775 loca
595 2720 720 2787 diversa,
743 2720 784 2774 sic
806 2719 915 2794 dispari
939 2719 1129 2776 modoetiam
1146 2715 1418 2792 oppugnabant310

313 2822 449 2880 &manns
483 2825 675 2880 testudinibus
711 2834 740 2880 et
768 2825 859 2880 vineis
887 2823 915 2880 el
942 2824 1030 2880 ariete
1058 2823 1240 2878 admovendo
1270 2823 1368 2891 muris,

315 2930 372 3002 regii
393 2931 517 2986 ballistis
539 2930 751 3004 catapultisque
775 2939 803 2985 et
830 2929 888 2986 alio
917 2930 995 2985 omni
1024 2947 1129 3002 genere
1158 2937 1365 2983 tormentorum

317 3033 362 3089 tela
375 3035 538 3108 ingerentes
559 3045 587 3090 et
602 3036 731 3108 pondere
750 3035 857 3109 ingenti
876 3051 962 3102 saxa3
990 3032 1136 3090 faciebant
1160 3043 1189 3089 et
1210 3032 1367 3096 cuniculos,

319 3149 340 3192 et
362 3141 496 3215 quicquid
524 3141 603 3196 aliud
635 3139 732 3214 priore
767 3139 984 3215 oppugnatione
1020 3145 1169 3211 expertum
1207 3137 1367 3219 profuerat.

320 3238 434 3301 Ceterum
458 3265 518 3301 non
539 3246 638 3319 plures
659 3254 771 3301 tantum
791 3244 978 3312 Macedones,
1004 3263 1090 3318 quam
1115 3251 1191 3309 ante,
1213 3242 1368 3295 tuebantur
1385 3234 1416 3288 ll

321 3348 400 3405 urbem
422 3368 573 3423 arcesque,
595 3351 646 3406 sed
668 3350 755 3406 etiam
778 3349 1013 3423 praesentioribus
1036 3348 1155 3414 animis,
1186 3358 1214 3402 et
1242 3344 1367 3417 castiga-

322 3450 388 3509 tionis
408 3456 485 3529 regis
507 3456 536 3511 in
559 3456 689 3511 admissa
710 3455 796 3528 culpa
817 3464 846 3510 et
861 3453 947 3510 simul
962 3454 1115 3519 minarum,
1137 3450 1222 3506 simul
1244 3449 1367 3523 promis·

323 3572 399 3616 torum
436 3561 466 3616 in
502 3559 631 3617 futurum
671 3577 823 3618 memores,
886 3560 991 3631 Itaque
1028 3575 1114 3630 quum
1149 3565 1255 3629 praeter·
1287 3572 1366 3628 spem

324 3667 415 3738 tenpus
435 3667 476 3722 ibi
510 3667 689 3734 traheretur,
725 3665 848 3739 plusque
877 3664 908 3719 in
935 3663 1085 3718 obsidione
1116 3670 1144 3716 et
1171 3661 1200 3716 in
1232 3660 1367 3734 operibus

326 3770 441 3835 quanin
466 3770 684 3843 oppugnatione
705 3769 792 3825 celeri
813 3769 876 3842 spei
897 3777 987 3837 esset,
1017 3767 1130 3824 interim
1155 3776 1184 3822 et
1212 3766 1290 3822 aliud
1320 3764 1368 3838 agi
1383 3757 1418 3813 12

259 3890 261 3921 :
327 3883 392 3938 posse
409 3884 490 3930 ratus
512 3875 642 3948 legatus,
672 3874 794 3941 relictis,
826 3882 897 3946 quot
924 3873 995 3928 satis
1022 3873 1196 3929 videbantur
1219 3873 1256 3926 ad
1279 3888 1368 3943 opera

258 4016 264 4027 .
328 3977 492 4048 perluenda,
528 3979 635 4036 traiicit
661 3979 690 4035 in
717 3979 852 4054 proxima
882 3978 1053 4036 continentis
1082 3978 1275 4051 Larisamque
1297 3973 1367 4048 (non

259 4108 266 4130 ,·
330 4073 426 4139 illumin
440 4083 596 4141 Thessalia
609 4084 734 4140 nobilem
750 4084 860 4151 urbem,
874 4083 925 4138 sed
942 4084 1072 4152 alteram,
1095 4101 1181 4156 quam
1198 4081 1367 4139 Cremasten

331 4189 421 4257 vocant)
450 4190 546 4246 subito
577 4189 703 4245 adventu
729 4200 834 4262 praeter
856 4206 952 4245 arcem
975 4189 1059 4262 oepit.
1112 4188 1230 4244 Attalus
1252 4203 1368 4259 quoque
1383 4181 1418 4236 13

258 4304 269 4341 t:
333 4283 435 4362 Pteleon,
454 4295 526 4351 nihil
548 4295 643 4350 minus
666 4312 753 4367 quam
775 4294 834 4350 tale
856 4294 1009 4368 quicquam
1032 4294 1061 4348 in
1084 4293 1201 4349 alterius
1218 4309 1368 4367 oppugna·
