3484 5025
513 511 570 567 too
764 509 842 560 ene
855 509 985 564 xxxm.
1019 512 1231 577 (suasu.)

467 693 561 751 donin
583 693 670 752 etiem
691 695 875 770 possessione
896 696 973 772 pelli,
998 696 1103 755 dilectu
1124 697 1230 774 raptim
1250 718 1305 775 per
1326 703 1444 762 urbesl

466 801 573 858 donum
594 800 704 872 habito,
732 820 796 858 cum
822 820 876 859 sex
900 802 1024 859 millibus
1051 803 1179 878 peditum
1208 813 1237 862 et
1259 806 1426 883 quingentis

436 908 542 965 itibus
562 906 639 965 circe
655 906 762 966 Stobos
776 908 903 966 Paeoniae
925 908 1083 983 improviso
1105 910 1203 967 hostes
1224 914 1380 987 oppressit.
1417 915 1444 973 M

466 1012 618 1071 multitudo
636 1012 784 1070 hominum
805 1013 836 1071 in
857 1014 969 1090 proelio,
991 1014 1084 1072 maior
1104 1015 1236 1090 cupidine
1257 1017 1410 1092 predandi
1427 1039 1444 1097 p

466 1139 520 1197 per
541 1136 628 1195 egros
652 1136 727 1177 caesa
747 1128 800 1176 eet.
848 1118 961 1193 Quibus
981 1119 1053 1196 fuga
1072 1121 1102 1178 in
1124 1122 1259 1196 expedito
1273 1121 1338 1194 fuit,
1358 1143 1399 1182 ne
1416 1135 1444 1184 te

438 1227 584 1303 bquidem
615 1242 684 1282 cesu
717 1243 822 1301 pugnas
851 1225 882 1282 in
910 1226 981 1283 fines
1010 1244 1089 1284 suos.
1105 1227 1261 1289 redierunt.
1308 1230 1357 1287 Ee
1386 1250 1444 1289 uns

466 1332 611 1409 peditione
632 1349 690 1388 non
710 1349 764 1406 pro
786 1330 899 1413 reliquo
918 1340 997 1388 stetu
1017 1330 1140 1390 fortune
1161 1330 1241 1389 facte
1269 1331 1388 1395 refectis
1408 1356 1444 1396 su

467 1439 580 1508 animis,
600 1436 838 1495 Thessalonicam
862 1454 926 1494 sese
945 1438 1062 1514 recepit.

438 1549 455 1606 6
550 1544 619 1601 Non
645 1552 704 1599 tam
732 1541 761 1598 iu
790 1551 920 1618 tempore
940 1543 1082 1602 Punicum
1106 1542 1212 1602 bellum
1239 1546 1426 1607 terminatum

467 1669 504 1708 ne
524 1649 609 1707 simul
636 1659 666 1707 et
690 1666 754 1705 cum
776 1646 913 1723 Philippo
941 1646 1018 1705 foret
1043 1646 1222 1719 bellandum,
1251 1669 1339 1725 quam
1363 1674 1444 1731 oppm

467 1757 526 1815 iam
547 1755 693 1814 Antiocho
715 1772 752 1811 ex
773 1753 860 1830 Syrie
882 1763 1016 1811 movente
1036 1753 1142 1811 bellum
1164 1755 1319 1832 Philippus
1340 1770 1386 1817 est
1404 1781 1444 1839 sup

438 1867 455 1922 7
467 1873 527 1933 tus3
548 1880 615 1919 nem
636 1870 828 1937 praeterquam
852 1861 931 1934 quod
952 1860 1065 1919 facilius
1086 1879 1151 1918 cum
1179 1860 1307 1936 siugulis,
1336 1884 1425 1941 quem

467 1987 555 2028 mum
577 1968 663 2025 ambo
685 1966 771 2023 simul
791 1966 978 2023 eontulissent
1007 1966 1096 2037 vires,
1124 1948 1261 2025 bellatum
1289 1979 1349 2042 eet,
1379 1973 1444 2049 His}

410 2082 413 2089 ’
468 2094 584 2152 quoque
611 2074 665 2131 sub
693 2071 769 2129 idem
796 2080 910 2148 tempus
936 2090 1042 2148 magno
1062 2072 1185 2130 tumultu
1213 2073 1251 2130 ad
1273 2073 1380 2133 bellum
1402 2095 1444 2136 cor

437 2182 550 2241 8rexit
596 2178 758 2238 Antiochus
780 2197 868 2253 quum
890 2177 986 2253 priore
1006 2186 1114 2249 estete,
1136 2179 1283 2251 omuibus,
1305 2199 1371 2256 ques
1391 2183 1444 2240 inl

466 2287 552 2365 Syria
573 2295 648 2357 sunt,
679 2285 842 2343 civitatibus
864 2303 901 2342 ex
921 2283 1072 2343 Ptolemaei
1093 2283 1205 2342 dicione
1230 2284 1260 2341 in
1288 2303 1371 2345 suum
1393 2298 1444 2365 pot

465 2404 524 2451 tem
544 2392 678 2462 redactis,
698 2392 728 2448 in
748 2391 869 2448 hiberno
889 2390 1081 2448 Antiocheam
1104 2390 1306 2464 concessisset,
1327 2393 1444 2470 nihilot

437 2500 542 2557 9tiora
570 2519 606 2556 ee
633 2497 704 2575 ipsis
730 2496 836 2555 estivis
863 2496 974 2555 habuit
1021 2494 1163 2556 Omnibus
1196 2497 1272 2555 enim
1301 2501 1384 2576 regni
1410 2500 1444 2561 vir

466 2606 606 2664 connixus
633 2623 720 2679 quum
749 2603 880 2679 ingentes
906 2602 1006 2678 copias
1032 2613 1182 2661 terrestres
1203 2604 1444 2682 maritimasquet

465 2719 613 2787 parasset,
642 2709 782 2787 principio
805 2708 897 2778 veris,
925 2708 1180 2784 praemisissem
1208 2729 1273 2768 cum
1299 2714 1444 2771 exercitu.

465 2817 594 2887 duobus,
624 2816 725 2893 Ardye
747 2834 783 2873 ac
803 2815 986 2887 Mithridate,
1007 2814 1149 2890 iussisque
1169 2815 1310 2877 Sardibus
1332 2838 1364 2877 se
1384 2838 1444 2897 oppt

415 2924 451 2979 10
464 2921 527 2998 ipse
548 2913 612 2980 cum
639 2922 732 2980 classe
757 2932 869 2980 centum
897 2931 1038 2978 tectarum
1063 2921 1195 2991 navium,
1226 2923 1264 2981 od
1285 2926 1342 2982 hoo
1362 2925 1444 2982 levior

415 3031 447 3086 ll
463 3028 587 3104 navigiis
607 3029 789 3104 cercurisque
808 3046 842 3084 ac
855 3027 958 3084 lembis
980 3027 1117 3097 ducentis,
1139 3029 1337 3103 proficiscitur,
1360 3028 1440 3087 simul

463 3153 576 3194 omnem
611 3155 692 3193 orem
724 3134 831 3193 Cilicia
862 3132 1017 3210 Lyciaque
1049 3141 1079 3189 et
1105 3131 1198 3191 Caria
1229 3144 1391 3194 tentaturus
1419 3154 1444 3193 ru

462 3259 526 3317 quae
555 3240 585 3298 in
614 3241 726 3299 dicione
752 3239 901 3299 Ptolemaei
930 3247 1039 3310 essent,
1071 3237 1158 3295 simul
1184 3240 1352 3316 Philippum
1381 3238 1444 3320 (nec

461 3347 536 3406 enim
558 3347 729 3406 debellatum
755 3343 829 3420 erat)
852 3345 978 3402 exercitu
1000 3344 1181 3419 navibusque
1202 3345 1362 3403 adiuturus.

367 3443 413 3511 20
542 3454 636 3511 Multa
662 3453 777 3530 egregie
798 3451 904 3511 Rhodii
927 3470 980 3526 pro
1006 3451 1065 3509 fide
1090 3469 1161 3526 erga
1190 3450 1329 3526 populum
1351 3454 1444 3512 Βοωι·

459 3575 570 3632 proque
597 3557 730 3614 universo
758 3558 874 3615 nomine
895 3556 1065 3616 Graecorum
1093 3567 1171 3614 terre
1191 3555 1324 3631 merique
1352 3559 1444 3617 ausit

429 3660 528 3721 2nihil
541 3662 777 3738 magnificentius,
801 3681 887 3737 quam
904 3663 983 3736 quod
994 3682 1030 3720 ea
1044 3670 1223 3738 tempestate,
1243 3682 1303 3721 non
1325 3665 1416 3722 territi
1434 3674 1445 3721 t

458 3770 534 3827 mole
555 3768 728 3827 imminentis
748 3767 826 3838 belli,
854 3767 969 3843 legatos
998 3767 1035 3825 ed
1056 3786 1153 3844 regem
1177 3768 1332 3841 miserunt,
1364 3769 1444 3830 neC

458 3875 560 3933 denies
591 3874 832 3950 (promuntorium
862 3872 971 3932 cilicia
1003 3883 1059 3945 est,
1093 3873 1220 3931 inclitum
1256 3873 1367 3934 foedere
1396 3888 1444 3934 aut

457 3981 676 4042 Atheniensium
707 3997 772 4037 cum
801 3980 917 4055 regibus
946 3982 1114 4048 Persarum)
1147 3991 1310 4055 supereret3
1342 3982 1369 4039 si
1397 4001 1432 4040 eo

425 4090 514 4147 dnon
535 4087 692 4144 contineret
713 4086 834 4143 classem
856 4087 1014 4162 copiasque
1035 4103 1114 4156 sues,
1140 4103 1172 4142 se
1194 4085 1312 4142 obviam
1333 4086 1437 4162 ituros,

456 4195 493 4252 ab
523 4193 589 4250 odio
617 4191 691 4261 ullo,
722 4190 773 4248 sed
805 4210 841 4249 ue
870 4191 1004 4266 coniungi
1037 4209 1102 4248 eum
1124 4191 1261 4268 Philippo
1288 4202 1444 4268 peterentu

424 4299 658 4375 limpedimento
679 4316 743 4355 esse
763 4296 904 4356 Romanis
925 4296 1112 4355 liberantibus
1129 4295 1282 4354 Grseciam.
1327 4297 1444 4362 Coraca
