3484 5025
523 510 601 561 Liber
619 510 747 560 XXXVI.
785 511 833 574 (Δ.
852 509 914 564 Chr.
936 512 1005 575 tet.)
1216 516 1253 571 37

274 713 282 751 t
298 694 459 752 convenire
472 693 727 769 iusseratapertae
739 713 840 765 naves,
856 713 921 769 quse
936 714 973 752 ex
987 694 1297 766 foederadebebautur,

274 797 355 855 iliam
378 799 448 855 iude
469 798 550 874 petit,
571 798 705 873 fretoque
721 800 887 857 Messanam
906 810 1119 875 praetervectus,
1142 800 1327 874 quums012

274 904 354 961 uisas
362 922 453 961 naves
461 903 499 961 ad
505 904 643 961 auxilium
655 905 758 961 missas
768 905 926 980 accepisset
933 913 961 961 et
971 905 1132 979 abReginie
1139 906 1299 980 Locrisque

274 1008 406 1066 eiusdem
424 1010 494 1066 iuris
509 1009 596 1067 sociis
614 1010 726 1067 debitas
741 1009 885 1083 exegisset
899 1026 999 1077 naves,
1015 1008 1139 1065 lustrata
1151 1009 1244 1066 classe
1260 1011 1297 1067 ad

274 1113 390 1182 ciuium,
402 1113 491 1171 altum
500 1114 579 1189 petit.
596 1112 765 1189 Corcyram,
778 1133 864 1189 quam
878 1114 1001 1189 primam
1009 1113 1296 1172 Groeciaecivitatium
1311 1108 1327 1163 3

275 1219 311 1290 it,
335 1238 426 1294 quum
448 1219 589 1288 venisset,
610 1228 796 1293 percontatus
818 1219 855 1275 de
877 1228 954 1275 statu
978 1219 1045 1276 belli
1067 1220 1201 1292 (necdum
1221 1220 1296 1277 enim

275 1325 329 1387 nia
347 1326 378 1381 in
396 1324 513 1384 Graecia
529 1335 688 1399 perpacata
705 1326 800 1396 erant)
822 1334 850 1380 et
872 1323 922 1380 ubi
943 1323 1044 1380 classis
1061 1325 1195 1382 Romana
1214 1336 1299 1397 esset,

274 1441 383 1505 atqua‘m
416 1429 543 1499 audivit,
575 1429 654 1487 circa
680 1429 945 1503 Thermopylarum
975 1429 1080 1486 saltum
1111 1431 1140 1487 in
1174 1429 1328 1488 stationed

274 1536 376 1593 tstrlem
393 1553 428 1591 ao
442 1553 540 1608 regem
554 1552 627 1602 esse,
650 1534 772 1591 classem
785 1534 871 1590 Piraei
884 1545 971 1602 stare,
999 1537 1201 1593 maturandum
1217 1548 1298 1593 ratus

275 1641 356 1698 mum
379 1658 475 1696 rerum
498 1658 597 1709 causa,
619 1639 713 1714 pergit
735 1640 867 1713 protinus
890 1640 1031 1714 navigare
1052 1640 1297 1714 Peloponnesum.

274 1764 338 1803 men
359 1746 614 1820 Zacynthumque,
645 1744 714 1816 quia
735 1744 827 1817 partis
848 1744 1017 1800 AEtolorum
1041 1744 1202 1801 maluerant
1226 1751 1329 1816 esse,5

274 1852 361 1909 »tinus
389 1850 584 1925 depopulatus
607 1850 736 1908 Maleam
764 1849 853 1923 petit,
887 1859 914 1905 et
941 1866 1082 1923 prospera
1111 1849 1298 1924 navigatione

274 1975 297 2014 ts
331 1956 432 2031 paucis
468 1936 569 2012 diebus
602 1954 728 2012 Piroeum
773 1955 811 2011 ad
842 1963 968 2010 veterem
1002 1953 1123 2011 classem
1157 1956 1297 2029 pervenit.

275 2109 276 2115 ,
294 2062 449 2137 Scyllarum
464 2062 610 2118 Eumenes
630 2080 684 2117 rex
704 2079 771 2117 curn
793 2059 886 2116 tribus
907 2059 1030 2116 navibus
1052 2060 1186 2131 occurrit,
1208 2057 1329 2134 quumb

274 2168 349 2242 pinea
369 2167 418 2223 diu
440 2166 565 2222 incertus
587 2165 699 2221 consilii
720 2163 831 2234 fuisset,
852 2174 949 2221 utrum
972 2165 1009 2221 ad
1031 2165 1168 2221 tuendum
1190 2166 1299 2222 rediret

274 2290 350 2341 :uum
373 2271 524 2345 (audiebat
539 2272 613 2328 enim
630 2272 807 2328 Antiochum
821 2271 934 2344 Ephesi
950 2270 1070 2341 navales
1091 2279 1298 2343 terrestresque

274 2397 335 2436 ure
348 2374 461 2452 copias)
484 2395 522 2432 an
539 2393 682 2449 nusquam
702 2376 873 2433 abscederet
890 2376 927 2431 ab
944 2374 1094 2445 Romanis,
1114 2394 1152 2431 ex
1175 2393 1298 2449 quorum

274 2494 349 2543 tuna
368 2502 423 2540 sua
445 2483 591 2563 penderet.
638 2484 668 2538 A
683 2481 780 2539 Piraeo
799 2484 835 2540 A.
850 2480 974 2551 Atilius,
1002 2481 1116 2539 traditis
1138 2478 1328 2538 soccessoril

274 2591 357 2666 utque
376 2599 406 2646 et
423 2587 665 2662 viginti-navibus
683 2586 775 2656 tectis,
798 2586 921 2643 Romam
937 2596 981 2643 est
996 2587 1153 2663 profectus.
1198 2583 1329 2643 Livius8

274 2713 289 2754 ι
307 2685 339 2753 et
359 2694 509 2768 octoginta
530 2693 684 2750 constratis
706 2693 839 2760 navibus,
861 2692 959 2748 multis
974 2702 1115 2767 praeterea
1130 2691 1298 2761 minoribus,

274 2817 295 2858 a
324 2809 377 2856 aut
406 2809 514 2873 apertae
540 2807 674 2852 rostratae
704 2806 755 2853 aut
776 2797 837 2854 sine
859 2797 961 2854 rostris
983 2798 1185 2872 speculatoriae
1206 2806 1298 2868 erant,

274 2905 337 2963 lom
363 2903 485 2961 traiecit.
532 2902 577 2959 Eo
604 2900 666 2959 fere
693 2912 824 2977 tempora
853 2900 955 2958 consul
976 2903 1089 2960 Acilius
1110 2904 1298 2976 Naupactum
1351 2881 1394 2952 43
1452 2934 1454 2940 ,

274 3010 431 3086 pugnabat.
473 3007 589 3064 Livium
605 3007 673 3065 Deli
695 3026 748 3081 per
769 3007 881 3081 aliquot
902 3007 963 3064 dies
986 3010 1028 3082 (et
1042 3017 1086 3066 est
1095 3007 1300 3065 ventosissima

274 3117 310 3190 gio
319 3116 398 3174 inter
407 3112 553 3189 Cycladas
564 3112 645 3169 iretis
658 3113 731 3169 alias
743 3113 910 3184 maioribus,
923 3115 996 3170 alias
1008 3096 1167 3170 minoribus
1178 3111 1299 3182 divisas)

274 3222 347 3280 cersi
374 3219 454 3278 venti
485 3227 647 3275 tenuerunt.
706 3217 904 3292 Polyxenidas
931 3219 1036 3275 certior
1063 3237 1117 3292 per
1144 3213 1330 3290 dispositas2

274 3326 442 3387 adulatorias
457 3342 548 3381 naves
561 3322 666 3391 factus,
681 3324 749 3380 Deli
763 3334 842 3381 stare
856 3326 1018 3381 Romanam
1034 3323 1166 3392 classem,
1185 3322 1301 3379 nuntios

290 3452 389 3509 regem
412 3431 499 3500 misit,
521 3430 571 3504 qui
594 3429 719 3499 omissis,
742 3429 856 3504 quaein
879 3429 1069 3502 Hellesponto
1092 3429 1213 3503 agebat,
1235 3425 1330 3485 cumb

274 3540 365 3597 stratis
386 3538 524 3607 navibus,
552 3546 692 3609 quantum
715 3533 878 3591 accelerare
899 3534 1007 3608 potuit,
1032 3536 1180 3609 Ephesum
1208 3534 1302 3605 rediit,

284 3635 433 3701 consilium
457 3641 604 3714 extemplo
626 3640 745 3709 habuit,
773 3638 977 3696 faciendumne
1004 3639 1163 3714 periculum
1187 3640 1301 3697 navalis

274 3747 399 3805 numinis
420 3744 506 3805 foret.
549 3745 748 3820 Polyxenidas
778 3739 905 3819 negabat
932 3745 1119 3815 cessandum,
1151 3755 1179 3803 et
1202 3746 1331 3820 utiqued

274 3851 316 3909 ius
343 3852 573 3925 confligendum,
604 3870 692 3925 quam
723 3850 826 3911 classis
848 3850 988 3907 Eumenis
1012 3860 1039 3906 et
1063 3852 1184 3909 Rhodiae
1211 3870 1301 3908 naves

274 3956 477 4032 uiungereutur
509 3957 659 4013 Romanis.
721 3956 769 4012 Ita
799 3974 920 4013 numero
955 3975 1026 4012 non·
1050 3956 1140 4013 ferme
1174 3957 1332 4030 impares5

274 4067 348 4119 turos
374 4081 420 4132 se,
453 4061 556 4119 ceteris
584 4061 717 4118 omnibus
745 4063 924 4135 superiores,
955 4072 983 4119 et
1010 4062 1155 4119 celeritate
1183 4060 1300 4117 navium

296 4169 434 4226 varietate
462 4167 647 4224 auxiliorum.
695 4167 773 4224 Nam
799 4168 949 4224 Romanas
981 4185 1072 4223 naves
1105 4184 1193 4240 quum
1221 4165 1332 4239 ipsasb

274 4272 337 4331 scite
355 4272 451 4332 iactas
471 4273 635 4331 immobiles
657 4290 735 4342 essa,
768 4280 828 4327 tum
858 4271 964 4342 etiam,
997 4280 1030 4328 ut
1050 4289 1114 4346 quse
1143 4271 1172 4327 in
1193 4279 1301 4326 terram
