3484 5025
423 514 483 570 238
724 508 802 557 Liber
814 506 871 556 XL.
894 504 942 569 (A.
954 521 979 554 u.
992 518 1013 554 c.
1026 504 1100 566 573.)

381 695 533 756 Celtiberis
561 694 672 751 auxilia
693 692 880 760 arcessisset,
906 689 1088 746 morantibus
1114 688 1170 759 iis,
1200 706 1263 744 non
1293 688 1361 763 quia
1390 685 1436 763 ipsi

382 801 509 861 cunctati
531 809 606 869 sunt,
632 798 684 855 sed
706 798 776 871 quia
798 795 945 872 proiectos
967 795 1054 852 domo
1070 794 1295 870 inexplicabiles
1310 792 1438 849 continuis
1488 764 1491 784 ⁴

382 907 523 964 imbribus
554 904 609 960 vin
645 914 674 959 et
709 902 801 959 inflati
834 920 935 958 amnes
961 901 1114 969 tenebant,
1156 899 1317 975 desperato
1345 898 1439 956 auxilio

352 1020 500 1075 asnorum
531 1010 561 1066 in
588 1007 763 1064 deditionem
790 1006 879 1063 venit.
932 1006 1056 1063 Flaccus
1084 1024 1205 1081 quoque
1235 1005 1442 1081 tempestatibus

353 1116 468 1180 cicadis
490 1123 609 1171 coactus
625 1112 781 1170 exercitum
801 1131 915 1169 omnem
937 1112 967 1168 in
983 1111 1082 1171 urbem
1098 1111 1274 1169 introduxit.
1311 1109 1443 1179 Celtiberi,

385 1220 435 1293 qui
457 1217 580 1293 profecti
603 1231 686 1283 erant
709 1215 743 1294 [a
764 1214 867 1293 domo]
892 1215 1047 1272 deditionis
1070 1216 1183 1291 ignari,
1217 1236 1310 1291 quum
1332 1216 1444 1287 tandem,

384 1324 537 1399 superatis,
560 1323 609 1380 ubi
628 1322 753 1398 primum
768 1322 875 1379 imbres
896 1321 1077 1392 remiserunt,
1099 1322 1249 1393 amnibus,
1271 1322 1445 1381 Contrebiam

384 1430 546 1497 venissent,
578 1439 734 1504 postquam
756 1427 837 1484 nulla
858 1426 969 1487 castra
986 1437 1070 1482 extra
1095 1428 1204 1484 moenia
1227 1428 1381 1498 viderunt,
1405 1439 1445 1485 ant

363 1534 415 1590 'in
446 1534 567 1591 alteram
596 1544 709 1608 partem
739 1532 882 1589 translata
908 1532 965 1588 rati
994 1542 1044 1588 aut
1070 1532 1229 1590 recessisse
1261 1535 1379 1605 hostes,
1404 1553 1446 1610 per

355 1639 591 1713 bnegligcntiam
613 1637 697 1695 effusi
729 1638 767 1694 ad
795 1637 935 1713 oppidum
959 1649 1149 1697 accesserunt.
1196 1640 1236 1695 ln
1266 1658 1320 1697 eos
1347 1640 1446 1698 duabus

284 1770 289 1777 ·
318 1784 320 1786 .
385 1745 477 1819 portis
508 1745 634 1801 Romani
666 1743 845 1819 eruptionem
880 1742 1024 1813 fecerunt,
1055 1752 1084 1800 et
1115 1744 1334 1819 incompositos
1365 1732 1457 1802 adorti

355 1849 531 1908 diciderunt.
575 1850 648 1923 Qum
678 1868 725 1906 res
758 1849 795 1905 ad
816 1848 1007 1905 resistendum
1037 1867 1088 1906 eos
1117 1859 1147 1905 et
1186 1851 1226 1907 ad
1249 1850 1446 1925 capessendam

385 1975 513 2031 pugnam
537 1954 682 2030 impediit,
710 1955 789 2028 quod
820 1973 878 2010 non
905 1973 964 2010 uno
991 1954 1105 2028 agmine
1134 1974 1189 2012 nec
1218 1956 1258 2012 ad
1289 1955 1376 2031 signa
1400 1954 1448 2011 ire-

388 2071 508 2135 quentes
529 2060 699 2129 veniebant,
729 2061 831 2117 eadem
854 2076 967 2133 magna
989 2061 1065 2133 parti
1092 2060 1129 2117 ad
1152 2060 1257 2135 fugam
1278 2062 1369 2119 saluti
1391 2060 1447 2128 fuit;

357 2166 482 2241 lsparsi
509 2165 585 2222 enim
614 2175 676 2222 toto
704 2166 813 2241 passim
840 2183 945 2239 campo
971 2183 1003 2222 se
1024 2164 1220 2235 diffuderunt,
1252 2186 1309 2225 nec
1338 2185 1446 2241 usquam

389 2246 534 2329 confertos
557 2290 607 2328 eos
626 2271 719 2328 hostis
741 2270 940 2329 circumvenit.
989 2272 1103 2329 Tamen
1127 2272 1166 2328 ad
1189 2271 1351 2330 duodecim
1374 2271 1447 2328 millia

387 2385 454 2431 sunt
476 2394 565 2445 caesa;
588 2386 674 2451 capta
695 2376 761 2451 plus
784 2376 911 2450 quinque
927 2376 1022 2433 millia
1042 2377 1203 2447 hominum,
1227 2378 1299 2451 equi
1322 2376 1444 2452 quadrio-

358 2481 475 2557 8genti,
498 2481 581 2556 signa
597 2482 732 2539 militaria
747 2482 900 2557 sexaginta
922 2481 989 2539 duo.
1027 2481 1084 2554 Qui
1099 2481 1191 2556 palati
1214 2501 1231 2539 e
1254 2482 1330 2560 iuga
1346 2484 1447 2540 domun

389 2606 420 2644 se
440 2580 633 2662 recipiebant,
664 2587 785 2644 alterum
816 2606 922 2661 agmen
943 2587 1117 2643 venientium
1141 2586 1362 2646 Celtiberorum
1383 2587 1446 2645 dedi-

389 2694 496 2750 tionem
520 2692 684 2749 Contrebiae
707 2704 735 2749 et
756 2712 840 2750 suam
862 2693 975 2750 cladem
998 2692 1144 2749 narrando
1167 2704 1352 2752 averterunt.
1397 2694 1445 2751 Ex·

335 2809 336 2812 ’
360 2797 499 2872 9templo
528 2796 558 2852 in
585 2798 666 2855 vicos
696 2799 873 2873 castellaque
905 2817 959 2854 sua
985 2791 1085 2854 omnes
1114 2797 1230 2872 dilapsi.
1289 2799 1449 2856 Flaccusa

391 2901 550 2960 Contrebia
564 2901 710 2975 profectus
725 2923 778 2978 per
789 2903 974 2961 Celtiberiam
989 2902 1214 2978 populabundus
1230 2905 1314 2962 ducit
1328 2906 1449 2980 legiones,

392 3007 483 3063 multa
510 3006 630 3063 castella
652 3026 842 3083 oppugnans,
874 3009 966 3065 donec
996 3008 1125 3064 maxima
1155 3028 1226 3083 pars
1250 3008 1449 3067 Celtiberorum

210 3108 214 3115 ’
242 3142 245 3145 -
298 3109 340 3178 34
392 3113 422 3169 in
452 3112 626 3168 deditionem
654 3112 743 3168 venit.
796 3115 868 3170 Haec
910 3113 939 3169 in
963 3112 1100 3175 citeriore
1126 3114 1277 3187 Hispania
1317 3136 1353 3173 eo
1387 3133 1448 3173 anno

393 3228 490 3291 gesta3
513 3218 542 3273 in
566 3216 701 3274 ulteriore
717 3218 844 3275 Manlius
865 3228 973 3294 praetor
987 3218 1115 3274 secunda
1136 3217 1251 3292 aliquot
1272 3222 1379 3295 pr'oelia
1398 3238 1450 3278 cum

394 3323 542 3379 Lusitanis
564 3321 642 3380 fecit.

363 3427 380 3480 2
478 3427 616 3501 Aquileia
637 3427 752 3483 colonia
774 3428 881 3484 Latina
904 3427 1006 3484 eodem
1029 3445 1104 3483 anno
1127 3427 1157 3482 in
1180 3445 1285 3501 agrum
1311 3415 1452 3489 Gallorum

395 3542 439 3588 est
460 3532 593 3589 deducta.
640 3531 713 3587 Tria
733 3531 822 3588 millia
852 3532 981 3606 peditum
1011 3530 1217 3605 quinquagena
1250 3535 1372 3609 iugera,
1399 3553 1453 3592 cen·

365 3637 524 3692 3turiones
548 3645 677 3706 centena,
699 3648 820 3693 centena
842 3636 1032 3710 quadragena
1050 3636 1160 3709 equites
1176 3650 1372 3712 acceperunt3
1394 3648 1454 3694 tres-

396 3740 451 3796 viri
486 3741 666 3797 deduxerunt
696 3743 731 3799 P.
760 3739 912 3798 Cornelius
942 3740 1040 3814 Scipio
1069 3741 1196 3812 Nasica,
1231 3741 1266 3803 C.
1295 3743 1456 3811 Flaminius,

365 3845 432 3902 4L.
447 3844 575 3899 Manlius
597 3845 749 3903 Acidinus.
786 3845 881 3902 AEdes
904 3845 968 3919 duae
991 3864 1124 3921 eoanno
1146 3847 1289 3904 dedicatae
1313 3859 1391 3918 sunt,
1411 3865 1459 3904 uua

398 3947 522 4004 Veneris
552 3947 685 4023 Erycinae
717 3949 754 4004 ad
783 3963 899 4024 portam
929 3948 1072 4006 Collinam
1102 3950 1261 4023 (dedicavit
1288 3953 1325 4010 L.
1349 3951 1459 4011 Porcius

401 4052 436 4107 L.
461 4051 537 4107 filius
554 4052 672 4109 Licinus
693 4054 837 4132 duumvir,
859 4064 931 4111 vota
953 4067 1015 4113 erat
1037 4075 1055 4111 a
1068 4056 1187 4113 consule
1203 4057 1238 4118 L.
1254 4060 1366 4116 Porcio
1382 4059 1459 4133 Ligu·

331 4229 334 4236 ¹
368 4155 474 4215 bstino
495 4156 602 4228 bello),
628 4158 720 4215 altera
742 4159 771 4214 in
794 4159 859 4216 foro
883 4160 998 4217 olitorio
1021 4161 1152 4222 Pietatis.
1200 4163 1277 4219 Eam
1303 4165 1395 4221 aedern
1421 4163 1461 4218 de·

398 4261 506 4318 dicavit
538 4262 590 4322 Μ’.
623 4263 735 4320 Acilius
766 4263 890 4322 Glabrio
924 4246 1074 4338 duumuir,
1111 4277 1301 4343 statuamque
1332 4279 1464 4334 auratam,
