3484 5025
1405 383 1436 436 7
1446 383 1479 437 4
1909 378 2066 429 Liber
2101 376 2383 429 xxxvn.
2430 376 2522 439 (A.
2543 393 2600 427 u.
2627 392 2676 427 c.
2710 375 2860 441 564.)

1318 563 1620 621 Romanos
1672 563 2109 639 praeferentibus
2171 576 2229 620 et
2283 563 2566 621 Romanis
2613 561 2766 619 laetis
2822 562 3032 637 origine

1259 668 1292 718 4
1320 668 1564 744 profecti
1606 668 1787 726 sextis
1831 669 2035 724 castris
2079 669 2155 725 ad
2200 683 2376 745 caput
2416 667 2583 726 Caici
2631 668 2824 724 amnis
2869 686 3064 743 perven

1320 786 1378 831 et
1418 775 1707 832 Eumenes
1727 793 1852 845 rex,
1895 774 2082 849 primo
2107 788 2348 833 conatus
2372 776 2444 831 ab
2469 774 2867 850 Hellesponto
2908 774 3064 830 reduc

1318 879 1378 936 in
1421 880 1661 937 hiberna
1706 880 1945 949 Elaeam,
1990 880 2248 937 adversis
2291 879 2495 936 deinde
2537 880 2732 936 ventis
2775 898 2955 954 quum
2987 879 3064 935 ali·

1320 1003 1594 1061 superare
1670 986 1892 1042 Lecton
1954 986 2414 1060 promuntorium
2479 1003 2594 1041 non
2672 986 2987 1062 potuisset,

1320 1108 1612 1166 egressuS,
1654 1110 1728 1147 ne
1771 1091 1997 1148 deesset
2037 1092 2331 1167 principiis
2377 1111 2599 1161 rerum,
2657 1111 2777 1166 qua
2822 1092 3064 1167 proximt

1262 1196 1295 1250 5
1322 1207 1513 1254 castra
1555 1198 1824 1254 Romana
1881 1216 2009 1255 cum
2070 1216 2256 1273 parva
2298 1217 2470 1255 manu
2514 1198 2834 1255 contendit.
2917 1198 3007 1255 Ex
3045 1214 3064 1252 c

1319 1321 1554 1378 gamum
1596 1302 1870 1358 remissus
1913 1304 1988 1358 ad
2031 1313 2385 1361 commeatus
2428 1305 2844 1379 expediendos,
2887 1303 3064 1360 tradit·

1322 1408 1529 1481 quibus
1573 1408 1818 1464 iusserat
1860 1409 2078 1478 consul,
2120 1410 2179 1466 in
2221 1411 2420 1467 eadem
2466 1411 2684 1466 stativa
2728 1409 2919 1467 rediit.
2987 1410 3064 1466 In«

1320 1513 1539 1571 dierum
1570 1515 1910 1588 praeparatis
1943 1515 2193 1586 cibariis,
2229 1516 2526 1574 consilium
2561 1525 2689 1572 erat
2730 1516 2818 1572 ire
2859 1516 2936 1572 ad
2968 1515 3064 1571 hos

1322 1637 1495 1693 quam
1541 1619 1722 1675 hiems
1766 1621 2132 1695 opprimeret.

1263 1727 1296 1779 6
1486 1725 1672 1799 Regia
1714 1738 1908 1782 castra
1959 1728 2112 1784 circa
2153 1728 2495 1803 Thyatiram
2538 1738 2723 1784 erant.
2805 1727 2930 1786 Ubi
2973 1745 3064 1800 qut

1322 1831 1676 1899 AntiochuS,
1719 1834 1792 1890 P.
1839 1832 2164 1908 Scipionem
2214 1852 2427 1908 aegrum
2471 1833 2692 1889 Elaeam
2739 1832 3018 1901 delatum,
3055 1832 3064 1887 1

1264 1939 1294 1992 7
1321 1938 1501 1994 filium
1555 1938 1631 1993 ad
1690 1956 1821 1994 eum
1873 1938 2239 2008 reducerent,
2311 1939 2482 1998 misit.
2588 1939 2730 1995 Non
2777 1938 2976 1994 animo
3018 1956 3064 1993 s(

1322 2054 1551 2119 gratum
1618 2061 1844 2112 munus,
1905 2045 2007 2100 sed
2072 2045 2304 2120 corpori
2367 2063 2599 2119 quoque
2659 2046 2901 2101 salubre
2966 2063 3064 2119 gat

1262 2150 1297 2207 8
1321 2150 1677 2224 satiatusque
1733 2149 1967 2205 tandem
2027 2150 2330 2225 complexu
2370 2151 2472 2207 filii
2532 2150 2964 2219 „Renuntiate“
3010 2149 3064 2205 in

1322 2254 1435 2311 tias
1475 2256 1599 2330 regi
1641 2275 1734 2312 me
1785 2273 1992 2330 agere3
2054 2256 2270 2313 referre
2328 2256 2499 2312 aliam
2557 2256 2813 2331 gratiam
2872 2274 3027 2312 nunc

1326 2379 1501 2435 quam
1546 2374 1607 2419 ut
1648 2363 1947 2433 suadeam,
2004 2381 2077 2418 ne
2134 2375 2267 2420 ante
2307 2364 2366 2420 in
2411 2364 2590 2420 aciem
2635 2362 2978 2431 descendat,
3024 2381 3061 2435 q

1264 2468 1298 2523 9
1325 2478 1447 2524 stra
1510 2486 1602 2524 me
1666 2468 1886 2525 redisse
1943 2468 2243 2529 audierit.“
2351 2467 2700 2542 Quanquam
2743 2468 3058 2544 sexaginta

1325 2574 1600 2648 peditum,
1656 2574 1786 2648 plus
1843 2577 2142 2632 duodecim
2199 2576 2375 2632 millia
2433 2575 2687 2649 equitum
2749 2575 2982 2631 animos
3042 2576 3064 2631 i:

1326 2696 1488 2752 spem
1534 2681 1861 2736 certaminis
1903 2680 2214 2752 faciebant,
2257 2692 2445 2738 motus
2489 2693 2682 2736 tamen
2731 2682 3064 2737 Antiochus

1326 2785 1558 2841 toritate
1610 2786 1748 2855 viri,
1802 2787 1861 2842 in
1920 2807 2035 2861 quo
2095 2789 2170 2843 ad
2211 2788 2459 2844 incertos
2503 2786 2635 2842 belli
2681 2798 2925 2842 eventus
2971 2805 3062 2843 om

1325 2903 1599 2966 posuerat
1639 2893 1915 2964 subsidia,
1956 2895 2173 2967 recepit
2214 2912 2294 2962 se,
2339 2905 2395 2949 et
2434 2905 2830 2966 transgressus
2860 2895 3064 2968 Phryg

1229 3002 1300 3056 10
1327 2996 1479 3053 circa
1526 2997 1911 3072 Magnesiam,
1965 3017 2094 3071 quae
2141 3001 2216 3055 ad
2275 2998 2535 3074 Sipylum
2581 3010 2685 3066 est,
2732 2999 2930 3071 posuit
2973 3017 3064 3056 eas

1331 3103 1381 3159 si
1424 3105 1729 3160 extrahere
1773 3115 1997 3178 tempus
2040 3103 2230 3171 vellet,
2288 3104 2638 3160 munimenta
2680 3104 2937 3160 Romani
2980 3116 3064 3160 ten
