3484 5025
480 511 537 566 ιιι
720 505 799 556 aroer
816 504 945 557 xxxrn.
981 504 1030 568 (ι.
1042 520 1067 555 a.
1082 519 1105 558 a.
1119 505 1190 567 aar.)

405 692 624 767 lnequicqusm
653 701 878 766 oppugnassent.
906 689 1053 750 1Stativis
1084 690 1188 749 deiude
1216 690 1320 749 Mem
1351 709 1406 766 per
1431 691 1492 754 diu
1529 655 1531 686 ³

434 801 545 876 aliquot
562 816 626 855 sese
643 798 744 868 tenuit,
770 795 837 853 dum
859 808 888 853 et
908 796 1022 854 saucios
1043 806 1158 854 curaret
1177 805 1207 854 et
1226 815 1261 854 aa
1281 806 1365 856 tauto
1385 807 1494 856 mrrooa

405 906 545 963 Sauimos
567 905 688 962 militum
709 905 847 962 reficeret.
895 904 976 972 Boii,
996 914 1029 960 ut
1049 911 1094 959 est
1114 920 1184 978 geas
1205 902 1324 960 minime
1346 903 1387 960 ed
1407 921 1494 964 mon

433 1012 548 1068 tedium
576 1010 724 1068 ferendum
754 1011 884 1087 patiens,
920 1010 951 1066 iu
981 1009 1099 1066 castella
1132 1026 1184 1066 sua
1217 1008 1359 1084 vicosque
1395 1037 1409 1058 ·-
1447 1042 1456 1057 =

403 1118 537 1194 9dilapsi
565 1127 639 1174 sunt
699 1117 855 1174 Marcellus
882 1115 967 1191 Pado
1002 1114 1152 1172 confestim
1181 1113 1303 1173 traiecto
1331 1115 1364 1173 in
1399 1143 1433 1183 sgr
1490 1112 1508 1163 d

434 1221 616 1294 Comensem,
636 1222 687 1279 ubi
707 1222 859 1292 Insubres,
881 1218 1071 1278 Comensibus
1091 1221 1130 1278 od
1151 1240 1235 1278 arma
1255 1220 1377 1292 excitis,
1404 1249 1425 1271 a
1440 1252 1460 1270 Δ·

434 1330 596 1398 habebant,
626 1328 753 1403 legiones
776 1327 862 1384 ducit.
908 1326 1002 1398 Galli,
1028 1326 1139 1385 feroces
1165 1326 1306 1386 Boiorum
1335 1339 1406 1388 aute
1442 1357 1453 1377 ι

433 1451 543 1510 paucos
570 1451 685 1509 pugna,
714 1434 744 1489 in
764 1434 829 1509 ipso
850 1434 951 1491 itinere
971 1435 1102 1508 proelium
1124 1434 1322 1504 committuut3
1351 1447 1383 1492 et
1410 1463 1415 1484 ι
1492 1454 1493 1495 3

386 1544 422 1599 10
435 1541 508 1598 adeo
538 1540 643 1597 acriter
671 1539 867 1609 invaserunt,
890 1547 931 1595 ut
949 1539 1151 1614 antesignanos
1180 1539 1358 1615 impulerint.
1417 1547 1455 1589 ἰ»

435 1646 484 1703 ubi
501 1644 655 1702 Marcellus
677 1643 889 1713 animadvertit,
910 1642 1028 1713 veritus,
1048 1664 1085 1701 ns
1106 1645 1177 1702 moti
1199 1645 1290 1703 semel
1308 1646 1381 1722 pell
1410 1673 1450 1697 eu

434 1752 580 1808 eohortem
611 1751 775 1806 Marsorum
809 1768 896 1824 quum
928 1750 1125 1824 opposuisset,
1161 1752 1288 1825 equitum
1320 1752 1455 1809 Latin

387 1863 418 1916 11
435 1876 534 1913 omnes
569 1868 679 1913 turmas
714 1856 744 1911 in
777 1856 888 1912 hostem
925 1854 1027 1911 emisit.
1094 1856 1224 1929 Quorum
1261 1876 1352 1931 quum

435 1963 632 2036 secundusque
653 1962 777 2038 impetus
798 1960 951 2019 retudisset
970 1960 1139 2018 inferentem
1162 1980 1193 2018 se
1213 1960 1352 2021 ferociter
1369 1964 1450 2022 hos
1483 2042 1484 2047 ἵ

434 2069 603 2125 confirmata
639 2080 667 2126 et
697 2068 809 2143 reliqua
839 2068 915 2125 acies
942 2068 1077 2125 Romana
1107 2068 1212 2124 restitit
1239 2068 1355 2143 primo,
1391 2069 1449 2126 dm

387 2181 421 2236 12
434 2174 517 2249 signa
550 2174 655 2231 acriter
681 2174 790 2243 intulit3
830 2192 883 2230 nec
919 2172 994 2229 ultra
1032 2173 1191 2229 sustinuere
1227 2184 1377 2233 certamen
1405 2175 1433 2236 G
1460 2188 1461 2191 ’

387 2287 421 2343 13
435 2281 503 2355 quin
534 2290 616 2356 terga
645 2289 788 2339 verterent
819 2290 907 2353 atque
939 2275 1029 2335 effuse
1057 2276 1198 2351 fugerent.
1253 2280 1290 2337 Iu
1324 2301 1361 2340 eo
1401 2313 1415 2334 a
1433 2296 1463 2332 22·

434 2406 522 2462 supra
561 2386 752 2461 quadraginta
793 2385 883 2442 millia
921 2385 1068 2441 hominum
1105 2402 1179 2441 caesa
1217 2384 1356 2445 Valerius
1397 2416 1447 2440 :u

434 2494 549 2563 scribit,
585 2492 732 2567 octoginta
765 2501 873 2566 septem
911 2489 993 2565 signa
1027 2490 1163 2547 militaria
1187 2501 1274 2567 capta
1301 2504 1333 2552 et
1379 2522 1383 2545 ι
1416 2527 1437 2545 .,
1462 2472 1479 2507 '⁸'

435 2601 615 2674 septingenta
636 2597 754 2672 triginta
775 2596 847 2664 duo,
870 2606 899 2652 et
920 2614 1023 2652 aureos
1044 2607 1162 2670 torques
1184 2598 1307 2668 multos,
1330 2617 1368 2655 ex
1390 2617 1454 2674 qm

435 2724 523 2761 unum
554 2704 651 2779 magni
679 2702 815 2777 ponderis
843 2699 982 2759 Claudius
1010 2702 1039 2757 in
1062 2699 1207 2776 Capitolio
1229 2702 1295 2759 lovi
1326 2703 1433 2761 donum

387 2811 422 2864 ll
436 2811 496 2867 aede
528 2811 652 2884 positum
685 2809 792 2866 scribit.
863 2806 967 2865 Castra
999 2827 1033 2864 eo
1063 2807 1109 2863 die
1137 2807 1290 2865 Gallorum
1327 2828 1397 2885 expr
1417 2840 1433 2860 o
1467 2869 1468 2872 Ἴ

436 2917 621 2990 direptaque,
655 2926 683 2972 et
711 2913 833 2972 Comum
864 2914 1001 2989 oppidum
1035 2922 1101 2988 post
1130 2914 1190 2971 dies
1219 2931 1331 2989 paucos
1361 2914 1451 2972 mn

388 3023 422 3076 15
436 3023 554 3078 castella
574 3022 640 3078 iude
662 3020 874 3095 duodetriginta
894 3020 931 3076 ad
949 3020 1095 3077 consulem
1113 3018 1285 3079 defecerunt.
1328 3020 1442 3095 Id

436 3128 510 3184 inter
537 3128 690 3202 scriptores
718 3128 890 3202 ambigitur,
917 3136 1011 3182 utrum
1033 3125 1062 3180 in
1084 3125 1174 3181 Boios
1195 3125 1275 3200 prius
1298 3145 1336 3183 an
1357 3126 1442 3184 Iusu
1479 3179 1480 3182 ,

437 3233 537 3289 consul
580 3233 737 3290 exercitum
775 3233 903 3303 duxerit,
952 3229 1161 3304 adversamque
1205 3250 1348 3306 prospera

436 3339 659 3407 oblitteraverit,
690 3358 726 3394 an
755 3339 877 3396 victoria
907 3338 943 3395 ad
966 3336 1089 3394 Comum
1117 3344 1203 3410 parte
1226 3335 1392 3395 deformata

435 3444 465 3500 in
489 3445 571 3501 Boiis
593 3453 712 3519 accepta
733 3442 777 3499 sit.

342 3542 387 3611 37
520 3550 581 3609 Sub
610 3552 671 3608 haec
698 3558 758 3605 tam
789 3549 871 3606 varia
899 3548 1015 3605 fortuna
1041 3556 1124 3622 gesta
1154 3547 1188 3604 L.
1211 3547 1319 3604 Furius
1338 3544 1456 3624 Purp'
1478 3599 1479 3608 ,

407 3655 511 3713 2alter
531 3657 640 3725 consul,
661 3674 713 3730 per
733 3655 839 3711 tribum
861 3655 1011 3729 Sapiniam
1031 3654 1061 3710 in
1077 3653 1167 3709 Boios
1189 3653 1275 3713 venit.
1319 3654 1385 3711 Iam
1405 3680 1423 3702 e
1442 3679 1453 3690 <¹

437 3762 540 3818 Mutilo
563 3763 825 3836 appropinquabat,
847 3779 935 3834 quum
956 3760 1073 3830 veritus,
1097 3779 1134 3817 ne
1151 3760 1391 3818 intercluderetur
1479 3787 1488 3802 s

438 3885 457 3922 s
477 3866 559 3923 Boiis
581 3867 808 3941 Liguribusque,
839 3866 995 3922 exercitum
1024 3866 1124 3923 eadem
1145 3866 1210 3938 via,
1242 3885 1302 3941 qua
1325 3865 1484 3929 adduxerit

438 3972 567 4042 reduxit,
602 3984 630 4029 et
660 3991 766 4046 magno
795 3970 914 4028 circuitu
944 3990 996 4045 per
1022 3983 1123 4045 aperta
1152 3990 1245 4046 eoque
1273 3982 1337 4029 tuta
1365 3971 1431 4027 locs
1450 3960 1484 4023 d

409 4078 579 4152 3collegam
602 4078 741 4152 pervenit.
798 4077 870 4134 Inde
891 4077 994 4139 iunctis
1015 4077 1186 4134 'exercitibus
1207 4077 1331 4152 primum
1356 4075 1482 4134 Boiam

441 4202 543 4258 agrum
565 4203 656 4257 usque
677 4184 716 4239 ad
737 4185 883 4241 Felsinam
905 4183 1042 4258 oppidum
1065 4183 1236 4257 populantes
1260 4184 1483 4257 peragratam}

409 4289 487 4347 aaa
509 4291 578 4346 urbs
600 4298 752 4362 ceteraque
781 4290 857 4346 circa
886 4289 1004 4346 castella
1032 4299 1060 4346 et
1081 4289 1147 4346 Boii
1175 4287 1235 4345 fere
1266 4305 1375 4349 omncs¹
1393 4294 1485 4363 pratu
