<?xml version="1.0" encoding="UTF-8"?>
<!DOCTYPE html PUBLIC "-//W3C//DTD XHTML 1.0 Transitional//EN"
    "http://www.w3.org/TR/xhtml1/DTD/xhtml1-transitional.dtd">
<html xmlns="http://www.w3.org/1999/xhtml" xml:lang="en" lang="en">
 <head>
  <title>
</title>
<meta http-equiv="Content-Type" content="text/html;charset=utf-8" />
  <meta name='ocr-system' content='tesseract 3.04.00' />
  <meta name='ocr-capabilities' content='ocr_page ocr_carea ocr_par ocr_line ocrx_word'/>
</head>
<body>
  <div class='ocr_page' id='page_1' title='image "./titiliviihistor00ussigoog_0464.png"; bbox 0 0 3484 5025; ppageno 0'>
   <div class='ocr_carea' id='block_1_1' title="bbox 457 486 1165 554">
    <p class='ocr_par' dir='ltr' id='par_1_1' title="bbox 457 486 1165 554">
     <span class='ocr_line' id='line_1_1' title="bbox 457 486 1165 554; baseline 0.001 -15"><span class='ocrx_word' id='word_1_1' title='bbox 457 493 513 547; x_wconf 81' lang='lat'><strong>176</strong></span> <span class='ocrx_word' id='word_1_2' title='bbox 716 486 796 537; x_wconf 84' lang='lat' dir='ltr'><strong>Liber</strong></span> <span class='ocrx_word' id='word_1_3' title='bbox 814 486 943 539; x_wconf 80' lang='lat' dir='ltr'>XXXIX.</span> <span class='ocrx_word' id='word_1_4' title='bbox 961 488 1007 548; x_wconf 79' lang='lat' dir='ltr'><strong>(A.</strong></span> <span class='ocrx_word' id='word_1_5' title='bbox 1017 504 1043 539; x_wconf 87' lang='lat' dir='ltr'><strong>u.</strong></span> <span class='ocrx_word' id='word_1_6' title='bbox 1055 504 1078 540; x_wconf 89' lang='lat' dir='ltr'><strong>e.</strong></span> <span class='ocrx_word' id='word_1_7' title='bbox 1090 489 1165 554; x_wconf 72' lang='grc'><strong>569.)</strong></span> 
     </span>
    </p>
   </div>
   <div class='ocr_carea' id='block_1_2' title="bbox 251 671 1454 4334">
    <p class='ocr_par' dir='ltr' id='par_1_2' title="bbox 378 671 1453 966">
     <span class='ocr_line' id='line_1_2' title="bbox 378 671 1451 755; baseline 0.008 -27"><span class='ocrx_word' id='word_1_8' title='bbox 378 672 507 742; x_wconf 85' lang='lat' dir='ltr'><strong>3sanus,</strong></span> <span class='ocrx_word' id='word_1_9' title='bbox 540 674 582 729; x_wconf 84' lang='lat' dir='ltr'><strong>M.</strong></span> <span class='ocrx_word' id='word_1_10' title='bbox 611 671 751 731; x_wconf 87' lang='lat' dir='ltr'><strong>Claudius</strong></span> <span class='ocrx_word' id='word_1_11' title='bbox 772 671 982 734; x_wconf 75' lang='lat' dir='ltr'><strong>Marcellinus.</strong></span> <span class='ocrx_word' id='word_1_12' title='bbox 1038 673 1184 731; x_wconf 86' lang='lat' dir='ltr'><strong>Extremo</strong></span> <span class='ocrx_word' id='word_1_13' title='bbox 1213 676 1294 749; x_wconf 83' lang='lat' dir='ltr'><strong>anni,</strong></span> <span class='ocrx_word' id='word_1_14' title='bbox 1325 678 1388 755; x_wconf 83' lang='lat' dir='ltr'><strong>quia</strong></span> <span class='ocrx_word' id='word_1_15' title='bbox 1415 679 1451 755; x_wconf 88' lang='lat' dir='ltr'><strong>Sp.</strong></span> 
     </span>
     <span class='ocr_line' id='line_1_3' title="bbox 408 767 1452 859; baseline 0.007 -24"><span class='ocrx_word' id='word_1_16' title='bbox 408 767 576 835; x_wconf 70' lang='lat' dir='ltr'><strong>Postumius</strong></span> <span class='ocrx_word' id='word_1_17' title='bbox 604 778 704 835; x_wconf 91' lang='lat' dir='ltr'><strong>consul</strong></span> <span class='ocrx_word' id='word_1_18' title='bbox 725 777 952 847; x_wconf 80' lang='lat' dir='ltr'><strong>renuntiaverat,</strong></span> <span class='ocrx_word' id='word_1_19' title='bbox 973 787 1180 853; x_wconf 75' lang='lat' dir='ltr'><strong>peragrantem</strong></span> <span class='ocrx_word' id='word_1_20' title='bbox 1208 798 1243 838; x_wconf 87' lang='lat' dir='ltr'><strong>se</strong></span> <span class='ocrx_word' id='word_1_21' title='bbox 1263 794 1378 859; x_wconf 84' lang='lat' dir='ltr'><strong>propter</strong></span> <span class='ocrx_word' id='word_1_22' title='bbox 1394 802 1452 859; x_wconf 71' lang='lat' dir='ltr'><strong>pua</strong></span> 
     </span>
     <span class='ocr_line' id='line_1_4' title="bbox 408 881 1453 966; baseline 0.009 -28"><span class='ocrx_word' id='word_1_23' title='bbox 408 882 516 939; x_wconf 81' lang='lat' dir='ltr'><strong>stiones</strong></span> <span class='ocrx_word' id='word_1_24' title='bbox 538 892 692 957; x_wconf 86' lang='lat' dir='ltr'><strong>utrumque</strong></span> <span class='ocrx_word' id='word_1_25' title='bbox 712 883 780 939; x_wconf 89' lang='lat' dir='ltr'><strong>litua</strong></span> <span class='ocrx_word' id='word_1_26' title='bbox 801 881 895 939; x_wconf 74' lang='lat' dir='ltr'><strong>Italiae</strong></span> <span class='ocrx_word' id='word_1_27' title='bbox 909 882 1041 941; x_wconf 86' lang='lat' dir='ltr'><strong>desertas</strong></span> <span class='ocrx_word' id='word_1_28' title='bbox 1052 884 1186 943; x_wconf 86' lang='lat' dir='ltr'><strong>colonias</strong></span> <span class='ocrx_word' id='word_1_29' title='bbox 1198 886 1354 962; x_wconf 88' lang='lat' dir='ltr'><strong>Sipontum</strong></span> <span class='ocrx_word' id='word_1_30' title='bbox 1362 909 1453 966; x_wconf 85' lang='lat' dir='ltr'><strong>supero,</strong></span> 
     </span>
    </p>

    <p class='ocr_par' dir='ltr' id='par_1_3' title="bbox 378 987 1454 1381">
     <span class='ocr_line' id='line_1_5' title="bbox 378 987 1454 1058; baseline 0.009 -14"><span class='ocrx_word' id='word_1_31' title='bbox 378 989 573 1045; x_wconf 79' lang='lat' dir='ltr'><strong>4Buxentum</strong></span> <span class='ocrx_word' id='word_1_32' title='bbox 595 988 689 1045; x_wconf 83' lang='lat' dir='ltr'><strong>infero</strong></span> <span class='ocrx_word' id='word_1_33' title='bbox 711 988 784 1044; x_wconf 88' lang='lat' dir='ltr'><strong>mari</strong></span> <span class='ocrx_word' id='word_1_34' title='bbox 805 987 959 1058; x_wconf 89' lang='lat' dir='ltr'><strong>invenisse,</strong></span> <span class='ocrx_word' id='word_1_35' title='bbox 982 988 1127 1047; x_wconf 83' lang='lat' dir='ltr'><strong>triumviri</strong></span> <span class='ocrx_word' id='word_1_36' title='bbox 1149 992 1187 1049; x_wconf 82' lang='lat' dir='ltr'><strong>ad</strong></span> <span class='ocrx_word' id='word_1_37' title='bbox 1210 991 1334 1052; x_wconf 90' lang='lat' dir='ltr'><strong>colonos</strong></span> <span class='ocrx_word' id='word_1_38' title='bbox 1352 1014 1386 1053; x_wconf 88' lang='lat' dir='ltr'><strong>eo</strong></span> <span class='ocrx_word' id='word_1_39' title='bbox 1403 997 1454 1053; x_wconf 76' lang='lat' dir='ltr'><strong>sui</strong></span> 
     </span>
     <span class='ocr_line' id='line_1_6' title="bbox 407 1093 1454 1173; baseline 0.009 -22"><span class='ocrx_word' id='word_1_40' title='bbox 407 1096 518 1152; x_wconf 90' lang='lat' dir='ltr'><strong>bendos</strong></span> <span class='ocrx_word' id='word_1_41' title='bbox 549 1113 587 1151; x_wconf 88' lang='lat' dir='ltr'><strong>ex</strong></span> <span class='ocrx_word' id='word_1_42' title='bbox 619 1104 736 1150; x_wconf 88' lang='lat' dir='ltr'><strong>senatus</strong></span> <span class='ocrx_word' id='word_1_43' title='bbox 769 1093 901 1149; x_wconf 90' lang='lat' dir='ltr'><strong>consulto</strong></span> <span class='ocrx_word' id='word_1_44' title='bbox 936 1093 974 1150; x_wconf 87' lang='lat' dir='ltr'><strong>ab</strong></span> <span class='ocrx_word' id='word_1_45' title='bbox 1001 1094 1039 1151; x_wconf 89' lang='lat' dir='ltr'><strong>T.</strong></span> <span class='ocrx_word' id='word_1_46' title='bbox 1072 1095 1181 1154; x_wconf 80' lang='lat' dir='ltr'><strong>Maeuio</strong></span> <span class='ocrx_word' id='word_1_47' title='bbox 1211 1109 1340 1173; x_wconf 67' lang='lat' dir='ltr'><strong>praetore</strong></span> <span class='ocrx_word' id='word_1_48' title='bbox 1367 1101 1454 1160; x_wconf 82' lang='lat' dir='ltr'><strong>urbam</strong></span> 
     </span>
     <span class='ocr_line' id='line_1_7' title="bbox 405 1198 1454 1275; baseline 0.009 -18"><span class='ocrx_word' id='word_1_49' title='bbox 405 1200 495 1257; x_wconf 90' lang='lat' dir='ltr'><strong>creati</strong></span> <span class='ocrx_word' id='word_1_50' title='bbox 532 1210 599 1256; x_wconf 91' lang='lat' dir='ltr'><strong>sunt</strong></span> <span class='ocrx_word' id='word_1_51' title='bbox 630 1200 665 1256; x_wconf 88' lang='lat' dir='ltr'><strong>L.</strong></span> <span class='ocrx_word' id='word_1_52' title='bbox 699 1198 868 1258; x_wconf 83' lang='lat' dir='ltr'><strong>Scribonius</strong></span> <span class='ocrx_word' id='word_1_53' title='bbox 903 1198 988 1268; x_wconf 90' lang='lat' dir='ltr'><strong>Libo,</strong></span> <span class='ocrx_word' id='word_1_54' title='bbox 1022 1200 1064 1257; x_wconf 90' lang='lat' dir='ltr'><strong>M.</strong></span> <span class='ocrx_word' id='word_1_55' title='bbox 1102 1202 1244 1275; x_wconf 77' lang='lat' dir='ltr'><strong>Tuccius,</strong></span> <span class='ocrx_word' id='word_1_56' title='bbox 1279 1202 1333 1263; x_wconf 83' lang='lat' dir='ltr'><strong>Cn.</strong></span> <span class='ocrx_word' id='word_1_57' title='bbox 1362 1206 1454 1266; x_wconf 65' lang='lat' dir='ltr'><strong>Bobius</strong></span> 
     </span>
     <span class='ocr_line' id='line_1_8' title="bbox 405 1306 587 1381; baseline 0 -17"><span class='ocrx_word' id='word_1_58' title='bbox 405 1306 587 1381; x_wconf 81' lang='lat' dir='ltr'><strong>Tamphilus.</strong></span> 
     </span>
    </p>

    <p class='ocr_par' dir='ltr' id='par_1_4' title="bbox 375 1404 1454 1696">
     <span class='ocr_line' id='line_1_9' title="bbox 375 1404 1454 1487; baseline 0.004 -18"><span class='ocrx_word' id='word_1_59' title='bbox 375 1416 391 1469; x_wconf 88' lang='grc'><strong>5</strong></span> <span class='ocrx_word' id='word_1_60' title='bbox 433 1404 436 1410; x_wconf 69' lang='grc'><strong>’</strong></span> <span class='ocrx_word' id='word_1_61' title='bbox 489 1410 563 1469; x_wconf 84' lang='lat' dir='ltr'><strong>Cum</strong></span> <span class='ocrx_word' id='word_1_62' title='bbox 586 1413 695 1469; x_wconf 89' lang='lat' dir='ltr'><strong>Perseo</strong></span> <span class='ocrx_word' id='word_1_63' title='bbox 712 1429 782 1486; x_wconf 83' lang='lat' dir='ltr'><strong>rege</strong></span> <span class='ocrx_word' id='word_1_64' title='bbox 803 1421 832 1467; x_wconf 92' lang='lat' dir='ltr'><strong>et</strong></span> <span class='ocrx_word' id='word_1_65' title='bbox 842 1410 1053 1467; x_wconf 89' lang='lat' dir='ltr'><strong>Macedonibus</strong></span> <span class='ocrx_word' id='word_1_66' title='bbox 1075 1411 1184 1469; x_wconf 90' lang='lat' dir='ltr'><strong>bellum</strong></span> <span class='ocrx_word' id='word_1_67' title='bbox 1199 1413 1283 1487; x_wconf 93' lang='lat' dir='ltr'><strong>quod</strong></span> <span class='ocrx_word' id='word_1_68' title='bbox 1304 1414 1454 1484; x_wconf 75' lang='lat' dir='ltr'><strong>imminebat</strong></span> 
     </span>
     <span class='ocr_line' id='line_1_10' title="bbox 404 1500 1453 1597; baseline 0.004 -23"><span class='ocrx_word' id='word_1_69' title='bbox 404 1537 472 1588; x_wconf 89' lang='lat' dir='ltr'><strong>non,</strong></span> <span class='ocrx_word' id='word_1_70' title='bbox 493 1518 568 1574; x_wconf 89' lang='lat' dir='ltr'><strong>uude</strong></span> <span class='ocrx_word' id='word_1_71' title='bbox 589 1515 720 1592; x_wconf 86' lang='lat' dir='ltr'><strong>plerique</strong></span> <span class='ocrx_word' id='word_1_72' title='bbox 741 1515 907 1590; x_wconf 87' lang='lat' dir='ltr'><strong>opinantur,</strong></span> <span class='ocrx_word' id='word_1_73' title='bbox 928 1534 982 1572; x_wconf 89' lang='lat' dir='ltr'><strong>nec</strong></span> <span class='ocrx_word' id='word_1_74' title='bbox 1001 1516 1038 1572; x_wconf 90' lang='lat' dir='ltr'><strong>ab</strong></span> <span class='ocrx_word' id='word_1_75' title='bbox 1060 1516 1125 1591; x_wconf 84' lang='lat' dir='ltr'><strong>ipso</strong></span> <span class='ocrx_word' id='word_1_76' title='bbox 1135 1500 1254 1575; x_wconf 79' lang='lat' dir='ltr'><strong>¹Perseo</strong></span> <span class='ocrx_word' id='word_1_77' title='bbox 1269 1533 1373 1577; x_wconf 69' lang='lat' dir='ltr'><strong>mutas</strong></span> <span class='ocrx_word' id='word_1_78' title='bbox 1386 1522 1453 1597; x_wconf 86' lang='lat' dir='ltr'><strong>cepit;</strong></span> 
     </span>
     <span class='ocr_line' id='line_1_11' title="bbox 403 1620 1454 1696; baseline 0.005 -19"><span class='ocrx_word' id='word_1_79' title='bbox 403 1622 541 1679; x_wconf 89' lang='lat' dir='ltr'><strong>inchoata</strong></span> <span class='ocrx_word' id='word_1_80' title='bbox 561 1621 643 1678; x_wconf 90' lang='lat' dir='ltr'><strong>initia</strong></span> <span class='ocrx_word' id='word_1_81' title='bbox 665 1640 683 1678; x_wconf 89' lang='lat' dir='ltr'><strong>a</strong></span> <span class='ocrx_word' id='word_1_82' title='bbox 706 1620 843 1695; x_wconf 91' lang='lat' dir='ltr'><strong>Philippo</strong></span> <span class='ocrx_word' id='word_1_83' title='bbox 867 1629 949 1689; x_wconf 87' lang='lat' dir='ltr'><strong>sunt;</strong></span> <span class='ocrx_word' id='word_1_84' title='bbox 970 1629 999 1677; x_wconf 88' lang='lat' dir='ltr'><strong>et</strong></span> <span class='ocrx_word' id='word_1_85' title='bbox 1021 1620 1046 1677; x_wconf 91' lang='lat' dir='ltr'><strong>is</strong></span> <span class='ocrx_word' id='word_1_86' title='bbox 1067 1620 1140 1695; x_wconf 85' lang='lat' dir='ltr'><strong>ipse,</strong></span> <span class='ocrx_word' id='word_1_87' title='bbox 1170 1623 1195 1679; x_wconf 92' lang='lat' dir='ltr'><strong>si</strong></span> <span class='ocrx_word' id='word_1_88' title='bbox 1219 1623 1330 1681; x_wconf 89' lang='lat' dir='ltr'><strong>diutius</strong></span> <span class='ocrx_word' id='word_1_89' title='bbox 1350 1625 1454 1696; x_wconf 71' lang='lat' dir='ltr'><strong>vixisse,</strong></span> 
     </span>
    </p>

    <p class='ocr_par' dir='ltr' id='par_1_5' title="bbox 373 1727 1453 2012">
     <span class='ocr_line' id='line_1_12' title="bbox 373 1727 1453 1807; baseline 0.002 -20"><span class='ocrx_word' id='word_1_90' title='bbox 373 1727 433 1787; x_wconf 81' lang='lat' dir='ltr'><strong>bid</strong></span> <span class='ocrx_word' id='word_1_91' title='bbox 457 1727 562 1783; x_wconf 91' lang='lat' dir='ltr'><strong>bellum</strong></span> <span class='ocrx_word' id='word_1_92' title='bbox 584 1728 729 1800; x_wconf 84' lang='lat' dir='ltr'><strong>gessisset.</strong></span> <span class='ocrx_word' id='word_1_93' title='bbox 771 1728 841 1787; x_wconf 91' lang='lat' dir='ltr'><strong>Una</strong></span> <span class='ocrx_word' id='word_1_94' title='bbox 862 1745 926 1783; x_wconf 89' lang='lat' dir='ltr'><strong>eum</strong></span> <span class='ocrx_word' id='word_1_95' title='bbox 949 1744 1006 1794; x_wconf 90' lang='lat' dir='ltr'><strong>res,</strong></span> <span class='ocrx_word' id='word_1_96' title='bbox 1034 1744 1122 1800; x_wconf 87' lang='lat' dir='ltr'><strong>quum</strong></span> <span class='ocrx_word' id='word_1_97' title='bbox 1145 1727 1227 1785; x_wconf 88' lang='lat' dir='ltr'><strong>victo</strong></span> <span class='ocrx_word' id='word_1_98' title='bbox 1249 1728 1337 1806; x_wconf 83' lang='lat' dir='ltr'><strong>leges¹</strong></span> <span class='ocrx_word' id='word_1_99' title='bbox 1351 1732 1453 1807; x_wconf 79' lang='lat' dir='ltr'><strong>impone·</strong></span> 
     </span>
     <span class='ocr_line' id='line_1_13' title="bbox 402 1814 1453 1906; baseline 0.006 -18"><span class='ocrx_word' id='word_1_100' title='bbox 402 1814 510 1902; x_wconf 75' lang='lat' dir='ltr'><strong>rentur,</strong></span> <span class='ocrx_word' id='word_1_101' title='bbox 540 1833 667 1889; x_wconf 83' lang='lat' dir='ltr'><strong>maxime</strong></span> <span class='ocrx_word' id='word_1_102' title='bbox 694 1832 831 1905; x_wconf 82' lang='lat' dir='ltr'><strong>angebat,</strong></span> <span class='ocrx_word' id='word_1_103' title='bbox 860 1832 948 1906; x_wconf 91' lang='lat' dir='ltr'><strong>quod,</strong></span> <span class='ocrx_word' id='word_1_104' title='bbox 978 1832 1028 1905; x_wconf 89' lang='lat' dir='ltr'><strong>qui</strong></span> <span class='ocrx_word' id='word_1_105' title='bbox 1055 1832 1255 1890; x_wconf 83' lang='lat' dir='ltr'><strong>Macedonum</strong></span> <span class='ocrx_word' id='word_1_106' title='bbox 1286 1836 1326 1893; x_wconf 88' lang='lat' dir='ltr'><strong>ab</strong></span> <span class='ocrx_word' id='word_1_107' title='bbox 1349 1854 1380 1895; x_wconf 79' lang='lat' dir='ltr'><strong>sa</strong></span> <span class='ocrx_word' id='word_1_108' title='bbox 1396 1835 1453 1894; x_wconf 80' lang='lat' dir='ltr'><strong>dele·</strong></span> 
     </span>
     <span class='ocr_line' id='line_1_14' title="bbox 402 1935 1452 2012; baseline 0.005 -17"><span class='ocrx_word' id='word_1_109' title='bbox 402 1948 502 1995; x_wconf 80' lang='lat' dir='ltr'><strong>cecant</strong></span> <span class='ocrx_word' id='word_1_110' title='bbox 527 1938 557 1993; x_wconf 90' lang='lat' dir='ltr'><strong>in</strong></span> <span class='ocrx_word' id='word_1_111' title='bbox 579 1937 671 2007; x_wconf 88' lang='lat' dir='ltr'><strong>bello,</strong></span> <span class='ocrx_word' id='word_1_112' title='bbox 698 1936 729 1993; x_wconf 90' lang='lat' dir='ltr'><strong>in</strong></span> <span class='ocrx_word' id='word_1_113' title='bbox 757 1955 808 1993; x_wconf 90' lang='lat' dir='ltr'><strong>eos</strong></span> <span class='ocrx_word' id='word_1_114' title='bbox 831 1937 876 1993; x_wconf 90' lang='lat' dir='ltr'><strong>ius</strong></span> <span class='ocrx_word' id='word_1_115' title='bbox 905 1935 1042 1993; x_wconf 84' lang='lat' dir='ltr'><strong>saevieudi</strong></span> <span class='ocrx_word' id='word_1_116' title='bbox 1063 1935 1237 2012; x_wconf 89' lang='lat' dir='ltr'><strong>ademptum</strong></span> <span class='ocrx_word' id='word_1_117' title='bbox 1262 1940 1291 1997; x_wconf 92' lang='lat' dir='ltr'><strong>ei</strong></span> <span class='ocrx_word' id='word_1_118' title='bbox 1317 1943 1355 2000; x_wconf 86' lang='lat' dir='ltr'><strong>ab</strong></span> <span class='ocrx_word' id='word_1_119' title='bbox 1374 1952 1452 2000; x_wconf 76' lang='lat' dir='ltr'><strong>amm</strong></span> 
     </span>
    </p>

    <p class='ocr_par' dir='ltr' id='par_1_6' title="bbox 347 2041 1452 3067">
     <span class='ocr_line' id='line_1_15' title="bbox 372 2041 1452 2124; baseline 0.004 -23"><span class='ocrx_word' id='word_1_120' title='bbox 372 2048 474 2113; x_wconf 77' lang='lat' dir='ltr'><strong>leret,</strong></span> <span class='ocrx_word' id='word_1_121' title='bbox 497 2062 594 2118; x_wconf 83' lang='lat' dir='ltr'><strong>quum,</strong></span> <span class='ocrx_word' id='word_1_122' title='bbox 611 2042 680 2116; x_wconf 88' lang='lat' dir='ltr'><strong>quia</strong></span> <span class='ocrx_word' id='word_1_123' title='bbox 693 2061 757 2098; x_wconf 90' lang='lat' dir='ltr'><strong>rem·</strong></span> <span class='ocrx_word' id='word_1_124' title='bbox 769 2042 912 2117; x_wconf 86' lang='lat' dir='ltr'><strong>integram</strong></span> <span class='ocrx_word' id='word_1_125' title='bbox 929 2041 1081 2114; x_wconf 82' lang='lat' dir='ltr'><strong>Quinctius</strong></span> <span class='ocrx_word' id='word_1_126' title='bbox 1100 2042 1130 2099; x_wconf 90' lang='lat' dir='ltr'><strong>iu</strong></span> <span class='ocrx_word' id='word_1_127' title='bbox 1153 2044 1376 2104; x_wconf 89' lang='lat' dir='ltr'><strong>condicionibus</strong></span> <span class='ocrx_word' id='word_1_128' title='bbox 1392 2046 1452 2124; x_wconf 75' lang='lat' dir='ltr'><strong>psc&#39;a</strong></span> 
     </span>
     <span class='ocr_line' id='line_1_16' title="bbox 370 2135 1452 2228; baseline 0.005 -21"><span class='ocrx_word' id='word_1_129' title='bbox 370 2135 567 2215; x_wconf 75' lang='lat' dir='ltr'><strong>8distule&#39;rat,</strong></span> <span class='ocrx_word' id='word_1_130' title='bbox 595 2166 653 2203; x_wconf 93' lang='lat' dir='ltr'><strong>non</strong></span> <span class='ocrx_word' id='word_1_131' title='bbox 684 2148 868 2222; x_wconf 82' lang='lat' dir='ltr'><strong>desperasset</strong></span> <span class='ocrx_word' id='word_1_132' title='bbox 894 2147 1044 2223; x_wconf 87' lang='lat' dir='ltr'><strong>impetrari</strong></span> <span class='ocrx_word' id='word_1_133' title='bbox 1071 2165 1168 2221; x_wconf 90' lang='lat' dir='ltr'><strong>posse.</strong></span> <span class='ocrx_word' id='word_1_134' title='bbox 1222 2151 1374 2212; x_wconf 86' lang='lat' dir='ltr'><strong>Antiocho</strong></span> <span class='ocrx_word' id='word_1_135' title='bbox 1402 2170 1452 2228; x_wconf 70' lang='lat' dir='ltr'><strong>rapt</strong></span> 
     </span>
     <span class='ocr_line' id='line_1_17' title="bbox 399 2245 1450 2334; baseline 0.008 -25"><span class='ocrx_word' id='word_1_136' title='bbox 399 2254 503 2310; x_wconf 88' lang='lat' dir='ltr'><strong>deinde</strong></span> <span class='ocrx_word' id='word_1_137' title='bbox 525 2253 600 2310; x_wconf 91' lang='lat' dir='ltr'><strong>bello</strong></span> <span class='ocrx_word' id='word_1_138' title='bbox 622 2264 760 2327; x_wconf 86' lang='lat' dir='ltr'><strong>superato</strong></span> <span class='ocrx_word' id='word_1_139' title='bbox 788 2253 826 2309; x_wconf 89' lang='lat' dir='ltr'><strong>ad</strong></span> <span class='ocrx_word' id='word_1_140' title='bbox 848 2251 1073 2327; x_wconf 84' lang='lat' dir='ltr'><strong>Thermopylas,</strong></span> <span class='ocrx_word' id='word_1_141' title='bbox 1104 2252 1208 2309; x_wconf 83' lang='lat' dir='ltr'><strong>divisis</strong></span> <span class='ocrx_word' id='word_1_142' title='bbox 1231 2245 1450 2334; x_wconf 74' lang='lat' dir='ltr'><strong>partibusque</strong></span> 
     </span>
     <span class='ocr_line' id='line_1_18' title="bbox 398 2356 1449 2436; baseline 0.008 -21"><span class='ocrx_word' id='word_1_143' title='bbox 398 2377 451 2432; x_wconf 90' lang='lat' dir='ltr'><strong>per</strong></span> <span class='ocrx_word' id='word_1_144' title='bbox 473 2359 589 2415; x_wconf 88' lang='lat' dir='ltr'><strong>eosdem</strong></span> <span class='ocrx_word' id='word_1_145' title='bbox 611 2357 672 2414; x_wconf 89' lang='lat' dir='ltr'><strong>dies</strong></span> <span class='ocrx_word' id='word_1_146' title='bbox 694 2358 794 2414; x_wconf 91' lang='lat' dir='ltr'><strong>consul</strong></span> <span class='ocrx_word' id='word_1_147' title='bbox 817 2358 930 2415; x_wconf 90' lang='lat' dir='ltr'><strong>Acilius</strong></span> <span class='ocrx_word' id='word_1_148' title='bbox 951 2356 1137 2427; x_wconf 88' lang='lat' dir='ltr'><strong>Heracleam,</strong></span> <span class='ocrx_word' id='word_1_149' title='bbox 1158 2358 1320 2436; x_wconf 91' lang='lat' dir='ltr'><strong>Philippus</strong></span> <span class='ocrx_word' id='word_1_150' title='bbox 1341 2364 1449 2422; x_wconf 85' lang='lat' dir='ltr'><strong>Lamitu</strong></span> 
     </span>
     <span class='ocr_line' id='line_1_19' title="bbox 367 2462 1450 2539; baseline 0.007 -19"><span class='ocrx_word' id='word_1_151' title='bbox 367 2463 613 2539; x_wconf 84' lang='lat' dir='ltr'><strong>9oppugnasset,</strong></span> <span class='ocrx_word' id='word_1_152' title='bbox 644 2464 898 2539; x_wconf 86' lang='lat' dir='ltr'><strong>capta-Heraclea</strong></span> <span class='ocrx_word' id='word_1_153' title='bbox 924 2464 993 2538; x_wconf 90' lang='lat' dir='ltr'><strong>quia</strong></span> <span class='ocrx_word' id='word_1_154' title='bbox 1024 2462 1119 2520; x_wconf 87' lang='lat' dir='ltr'><strong>iussus</strong></span> <span class='ocrx_word' id='word_1_155' title='bbox 1148 2463 1313 2525; x_wconf 89' lang='lat' dir='ltr'><strong>abscedere</strong></span> <span class='ocrx_word' id='word_1_156' title='bbox 1334 2486 1354 2526; x_wconf 89' lang='lat' dir='ltr'><strong>a</strong></span> <span class='ocrx_word' id='word_1_157' title='bbox 1373 2467 1450 2528; x_wconf 82' lang='lat' dir='ltr'><strong>muni·</strong></span> 
     </span>
     <span class='ocr_line' id='line_1_20' title="bbox 396 2568 1450 2649; baseline 0.007 -24"><span class='ocrx_word' id='word_1_158' title='bbox 396 2570 450 2625; x_wconf 89' lang='lat' dir='ltr'><strong>bus</strong></span> <span class='ocrx_word' id='word_1_159' title='bbox 483 2569 592 2625; x_wconf 84' lang='lat' dir='ltr'><strong>Lamiae</strong></span> <span class='ocrx_word' id='word_1_160' title='bbox 626 2580 705 2640; x_wconf 89' lang='lat' dir='ltr'><strong>erat,</strong></span> <span class='ocrx_word' id='word_1_161' title='bbox 734 2570 935 2643; x_wconf 85' lang='lat' dir='ltr'><strong>Romanisque</strong></span> <span class='ocrx_word' id='word_1_162' title='bbox 964 2568 1101 2642; x_wconf 90' lang='lat' dir='ltr'><strong>oppidum</strong></span> <span class='ocrx_word' id='word_1_163' title='bbox 1133 2569 1267 2626; x_wconf 87' lang='lat' dir='ltr'><strong>deditum</strong></span> <span class='ocrx_word' id='word_1_164' title='bbox 1301 2584 1361 2644; x_wconf 87' lang='lat' dir='ltr'><strong>est,</strong></span> <span class='ocrx_word' id='word_1_165' title='bbox 1394 2591 1450 2649; x_wconf 79' lang='lat' dir='ltr'><strong>tegre</strong></span> 
     </span>
     <span class='ocr_line' id='line_1_21' title="bbox 347 2673 1450 2750; baseline 0.003 -15"><span class='ocrx_word' id='word_1_166' title='bbox 347 2682 382 2735; x_wconf 88' lang='lat'><strong>10</strong></span> <span class='ocrx_word' id='word_1_167' title='bbox 396 2693 459 2731; x_wconf 87' lang='lat' dir='ltr'><strong>eam</strong></span> <span class='ocrx_word' id='word_1_168' title='bbox 485 2694 545 2731; x_wconf 92' lang='lat' dir='ltr'><strong>rem</strong></span> <span class='ocrx_word' id='word_1_169' title='bbox 568 2676 684 2736; x_wconf 84' lang='lat' dir='ltr'><strong>tulerat.</strong></span> <span class='ocrx_word' id='word_1_170' title='bbox 727 2675 885 2732; x_wconf 87' lang='lat' dir='ltr'><strong>Permulsit</strong></span> <span class='ocrx_word' id='word_1_171' title='bbox 906 2673 980 2729; x_wconf 85' lang='lat' dir='ltr'><strong>iram</strong></span> <span class='ocrx_word' id='word_1_172' title='bbox 1004 2673 1065 2728; x_wconf 89' lang='lat' dir='ltr'><strong>eius</strong></span> <span class='ocrx_word' id='word_1_173' title='bbox 1086 2674 1199 2743; x_wconf 87' lang='lat' dir='ltr'><strong>consul,</strong></span> <span class='ocrx_word' id='word_1_174' title='bbox 1229 2679 1312 2750; x_wconf 91' lang='lat' dir='ltr'><strong>quod</strong></span> <span class='ocrx_word' id='word_1_175' title='bbox 1333 2681 1369 2737; x_wconf 90' lang='lat' dir='ltr'><strong>ed</strong></span> <span class='ocrx_word' id='word_1_176' title='bbox 1387 2681 1450 2738; x_wconf 81' lang='lat' dir='ltr'><strong>Nau·</strong></span> 
     </span>
     <span class='ocr_line' id='line_1_22' title="bbox 395 2776 1448 2855; baseline 0.008 -21"><span class='ocrx_word' id='word_1_177' title='bbox 395 2789 511 2852; x_wconf 88' lang='lat' dir='ltr'><strong>pactum</strong></span> <span class='ocrx_word' id='word_1_178' title='bbox 532 2780 595 2854; x_wconf 90' lang='lat' dir='ltr'><strong>ipse</strong></span> <span class='ocrx_word' id='word_1_179' title='bbox 616 2779 766 2850; x_wconf 85' lang='lat' dir='ltr'><strong>festinans,</strong></span> <span class='ocrx_word' id='word_1_180' title='bbox 788 2797 846 2853; x_wconf 90' lang='lat' dir='ltr'><strong>quo</strong></span> <span class='ocrx_word' id='word_1_181' title='bbox 868 2798 901 2835; x_wconf 91' lang='lat' dir='ltr'><strong>se</strong></span> <span class='ocrx_word' id='word_1_182' title='bbox 922 2797 959 2834; x_wconf 87' lang='lat' dir='ltr'><strong>ex</strong></span> <span class='ocrx_word' id='word_1_183' title='bbox 980 2776 1051 2852; x_wconf 87' lang='lat' dir='ltr'><strong>fuga</strong></span> <span class='ocrx_word' id='word_1_184' title='bbox 1064 2779 1160 2836; x_wconf 85' lang='lat' dir='ltr'><strong>AEtoli</strong></span> <span class='ocrx_word' id='word_1_185' title='bbox 1182 2782 1379 2855; x_wconf 88' lang='lat' dir='ltr'><strong>contulerant,</strong></span> <span class='ocrx_word' id='word_1_186' title='bbox 1398 2784 1448 2842; x_wconf 77' lang='lat' dir='ltr'><strong>Phi</strong></span> 
     </span>
     <span class='ocr_line' id='line_1_23' title="bbox 394 2872 1449 2959; baseline 0.006 -20"><span class='ocrx_word' id='word_1_187' title='bbox 394 2883 474 2958; x_wconf 92' lang='lat' dir='ltr'><strong>lippo</strong></span> <span class='ocrx_word' id='word_1_188' title='bbox 496 2886 635 2959; x_wconf 85' lang='lat' dir='ltr'><strong>permisit,</strong></span> <span class='ocrx_word' id='word_1_189' title='bbox 666 2895 698 2941; x_wconf 85' lang='lat' dir='ltr'><strong>ut</strong></span> <span class='ocrx_word' id='word_1_190' title='bbox 726 2884 913 2942; x_wconf 71' lang='lat' dir='ltr'><strong>Athamania</strong></span> <span class='ocrx_word' id='word_1_191' title='bbox 941 2894 969 2940; x_wconf 91' lang='lat' dir='ltr'><strong>et</strong></span> <span class='ocrx_word' id='word_1_192' title='bbox 998 2885 1193 2959; x_wconf 86' lang='lat' dir='ltr'><strong>Amynandro</strong></span> <span class='ocrx_word' id='word_1_193' title='bbox 1211 2872 1334 2945; x_wconf 62' lang='lat' dir='ltr'><strong>‘bellum</strong></span> <span class='ocrx_word' id='word_1_194' title='bbox 1355 2887 1449 2947; x_wconf 78' lang='lat' dir='ltr'><strong>inferret</strong></span> 
     </span>
     <span class='ocr_line' id='line_1_24' title="bbox 394 2989 1449 3067; baseline 0.008 -23"><span class='ocrx_word' id='word_1_195' title='bbox 394 2997 421 3044; x_wconf 88' lang='lat' dir='ltr'><strong>et</strong></span> <span class='ocrx_word' id='word_1_196' title='bbox 451 2990 547 3058; x_wconf 90' lang='lat' dir='ltr'><strong>urbes,</strong></span> <span class='ocrx_word' id='word_1_197' title='bbox 579 3009 652 3063; x_wconf 90' lang='lat' dir='ltr'><strong>quas</strong></span> <span class='ocrx_word' id='word_1_198' title='bbox 683 2990 833 3048; x_wconf 82' lang='lat' dir='ltr'><strong>Thessalis</strong></span> <span class='ocrx_word' id='word_1_199' title='bbox 860 2989 957 3046; x_wconf 88' lang='lat' dir='ltr'><strong>AEtoli</strong></span> <span class='ocrx_word' id='word_1_200' title='bbox 984 2989 1169 3061; x_wconf 90' lang='lat' dir='ltr'><strong>ademerant,</strong></span> <span class='ocrx_word' id='word_1_201' title='bbox 1201 3010 1298 3067; x_wconf 84' lang='lat' dir='ltr'><strong>regno</strong></span> <span class='ocrx_word' id='word_1_202' title='bbox 1326 2995 1449 3051; x_wconf 74' lang='lat' dir='ltr'><strong>aduena</strong></span> 
     </span>
    </p>

    <p class='ocr_par' dir='ltr' id='par_1_7' title="bbox 251 3094 1448 3384">
     <span class='ocr_line' id='line_1_25' title="bbox 251 3094 1448 3174; baseline 0.002 -23"><span class='ocrx_word' id='word_1_203' title='bbox 251 3140 256 3151; x_wconf 44' lang='lat' dir='ltr'><strong>t</strong></span> <span class='ocrx_word' id='word_1_204' title='bbox 345 3095 377 3149; x_wconf 93' lang='lat' dir='ltr'><strong>ll</strong></span> <span class='ocrx_word' id='word_1_205' title='bbox 394 3094 484 3151; x_wconf 88' lang='lat' dir='ltr'><strong>Haud</strong></span> <span class='ocrx_word' id='word_1_206' title='bbox 508 3113 614 3169; x_wconf 86' lang='lat' dir='ltr'><strong>magno</strong></span> <span class='ocrx_word' id='word_1_207' title='bbox 637 3096 793 3151; x_wconf 85' lang='lat' dir='ltr'><strong>certamine</strong></span> <span class='ocrx_word' id='word_1_208' title='bbox 815 3105 844 3151; x_wconf 91' lang='lat' dir='ltr'><strong>et</strong></span> <span class='ocrx_word' id='word_1_209' title='bbox 865 3095 1088 3169; x_wconf 83' lang='lat' dir='ltr'><strong>Amynandrum</strong></span> <span class='ocrx_word' id='word_1_210' title='bbox 1110 3096 1300 3155; x_wconf 61' lang='lat' dir='ltr'><strong>Ahmania</strong></span> <span class='ocrx_word' id='word_1_211' title='bbox 1322 3098 1448 3174; x_wconf 82' lang='lat' dir='ltr'><strong>expulerat</strong></span> 
     </span>
     <span class='ocr_line' id='line_1_26' title="bbox 345 3197 1448 3276; baseline 0.006 -21"><span class='ocrx_word' id='word_1_212' title='bbox 345 3199 380 3255; x_wconf 84' lang='lat'><strong>12</strong></span> <span class='ocrx_word' id='word_1_213' title='bbox 394 3208 423 3255; x_wconf 92' lang='lat' dir='ltr'><strong>et</strong></span> <span class='ocrx_word' id='word_1_214' title='bbox 443 3202 529 3256; x_wconf 92' lang='lat' dir='ltr'><strong>urbes</strong></span> <span class='ocrx_word' id='word_1_215' title='bbox 551 3210 702 3275; x_wconf 87' lang='lat' dir='ltr'><strong>receperat</strong></span> <span class='ocrx_word' id='word_1_216' title='bbox 723 3201 848 3274; x_wconf 81' lang='lat' dir='ltr'><strong>aliquot3</strong></span> <span class='ocrx_word' id='word_1_217' title='bbox 876 3201 1093 3257; x_wconf 85' lang='lat' dir='ltr'><strong>Demetriadem</strong></span> <span class='ocrx_word' id='word_1_218' title='bbox 1117 3197 1256 3276; x_wconf 79' lang='lat' dir='ltr'><strong>quoque,</strong></span> <span class='ocrx_word' id='word_1_219' title='bbox 1273 3206 1374 3261; x_wconf 89' lang='lat' dir='ltr'><strong>urbem</strong></span> <span class='ocrx_word' id='word_1_220' title='bbox 1393 3202 1448 3261; x_wconf 80' lang='lat' dir='ltr'><strong>vatt-</strong></span> 
     </span>
     <span class='ocr_line' id='line_1_27' title="bbox 392 3305 1448 3384; baseline 0.004 -23"><span class='ocrx_word' id='word_1_221' title='bbox 392 3305 458 3361; x_wconf 88' lang='lat' dir='ltr'><strong>dam</strong></span> <span class='ocrx_word' id='word_1_222' title='bbox 493 3315 521 3362; x_wconf 91' lang='lat' dir='ltr'><strong>et</strong></span> <span class='ocrx_word' id='word_1_223' title='bbox 553 3306 591 3362; x_wconf 88' lang='lat' dir='ltr'><strong>ad</strong></span> <span class='ocrx_word' id='word_1_224' title='bbox 620 3306 718 3361; x_wconf 90' lang='lat' dir='ltr'><strong>omnia</strong></span> <span class='ocrx_word' id='word_1_225' title='bbox 748 3317 957 3381; x_wconf 89' lang='lat' dir='ltr'><strong>opportunam,</strong></span> <span class='ocrx_word' id='word_1_226' title='bbox 990 3316 1019 3362; x_wconf 96' lang='lat' dir='ltr'><strong>et</strong></span> <span class='ocrx_word' id='word_1_227' title='bbox 1048 3307 1222 3380; x_wconf 83' lang='lat' dir='ltr'><strong>Magnetum</strong></span> <span class='ocrx_word' id='word_1_228' title='bbox 1257 3321 1375 3384; x_wconf 85' lang='lat' dir='ltr'><strong>gentem</strong></span> <span class='ocrx_word' id='word_1_229' title='bbox 1404 3324 1448 3365; x_wconf 80' lang='lat' dir='ltr'><strong>sua</strong></span> 
     </span>
    </p>

    <p class='ocr_par' dir='ltr' id='par_1_8' title="bbox 345 3394 1447 3596">
     <span class='ocr_line' id='line_1_28' title="bbox 345 3394 1447 3487; baseline 0.001 -21"><span class='ocrx_word' id='word_1_230' title='bbox 345 3412 379 3466; x_wconf 88' lang='grc'><strong>13</strong></span> <span class='ocrx_word' id='word_1_231' title='bbox 392 3410 513 3467; x_wconf 89' lang='lat' dir='ltr'><strong>dicionis</strong></span> <span class='ocrx_word' id='word_1_232' title='bbox 534 3410 610 3469; x_wconf 83' lang='lat' dir='ltr'><strong>fecit.</strong></span> <span class='ocrx_word' id='word_1_233' title='bbox 656 3411 729 3467; x_wconf 90' lang='lat' dir='ltr'><strong>lude</strong></span> <span class='ocrx_word' id='word_1_234' title='bbox 751 3421 779 3467; x_wconf 92' lang='lat' dir='ltr'><strong>et</strong></span> <span class='ocrx_word' id='word_1_235' title='bbox 799 3412 829 3468; x_wconf 92' lang='lat' dir='ltr'><strong>in</strong></span> <span class='ocrx_word' id='word_1_236' title='bbox 851 3412 980 3468; x_wconf 86' lang='lat' dir='ltr'><strong>Threcia</strong></span> <span class='ocrx_word' id='word_1_237' title='bbox 995 3411 1137 3485; x_wconf 84' lang='lat' dir='ltr'><strong>quasdam</strong></span> <span class='ocrx_word' id='word_1_238' title='bbox 1155 3412 1260 3483; x_wconf 87' lang='lat' dir='ltr'><strong>urbes,</strong></span> <span class='ocrx_word' id='word_1_239' title='bbox 1283 3434 1368 3472; x_wconf 73' lang='lat' dir='ltr'><strong>novae</strong></span> <span class='ocrx_word' id='word_1_240' title='bbox 1380 3394 1447 3487; x_wconf 80' lang='lat' dir='ltr'><strong>atqua</strong></span> 
     </span>
     <span class='ocr_line' id='line_1_29' title="bbox 392 3514 1446 3596; baseline 0.01 -27"><span class='ocrx_word' id='word_1_241' title='bbox 392 3514 511 3570; x_wconf 87' lang='lat' dir='ltr'><strong>insuetae</strong></span> <span class='ocrx_word' id='word_1_242' title='bbox 533 3515 675 3572; x_wconf 87' lang='lat' dir='ltr'><strong>libertatis</strong></span> <span class='ocrx_word' id='word_1_243' title='bbox 698 3517 777 3587; x_wconf 89' lang='lat' dir='ltr'><strong>vitio,</strong></span> <span class='ocrx_word' id='word_1_244' title='bbox 802 3517 992 3574; x_wconf 89' lang='lat' dir='ltr'><strong>seditionibus</strong></span> <span class='ocrx_word' id='word_1_245' title='bbox 1014 3516 1187 3591; x_wconf 91' lang='lat' dir='ltr'><strong>principum,</strong></span> <span class='ocrx_word' id='word_1_246' title='bbox 1201 3515 1357 3591; x_wconf 74' lang='lat' dir='ltr'><strong>turbatas,</strong></span> <span class='ocrx_word' id='word_1_247' title='bbox 1376 3516 1446 3596; x_wconf 73' lang='lat' dir='ltr'><strong>parti·</strong></span> 
     </span>
    </p>

    <p class='ocr_par' dir='ltr' id='par_1_9' title="bbox 393 3619 1446 3700">
     <span class='ocr_line' id='line_1_30' title="bbox 393 3619 1446 3700; baseline 0.005 -25"><span class='ocrx_word' id='word_1_248' title='bbox 393 3619 457 3690; x_wconf 91' lang='lat' dir='ltr'><strong>bus,</strong></span> <span class='ocrx_word' id='word_1_249' title='bbox 487 3639 551 3694; x_wconf 86' lang='lat' dir='ltr'><strong>quae</strong></span> <span class='ocrx_word' id='word_1_250' title='bbox 584 3622 743 3680; x_wconf 90' lang='lat' dir='ltr'><strong>domestico</strong></span> <span class='ocrx_word' id='word_1_251' title='bbox 772 3624 929 3680; x_wconf 89' lang='lat' dir='ltr'><strong>certamine</strong></span> <span class='ocrx_word' id='word_1_252' title='bbox 955 3621 1155 3692; x_wconf 89' lang='lat' dir='ltr'><strong>vincerentur,</strong></span> <span class='ocrx_word' id='word_1_253' title='bbox 1188 3624 1376 3700; x_wconf 85' lang='lat' dir='ltr'><strong>adiungendo</strong></span> <span class='ocrx_word' id='word_1_254' title='bbox 1398 3639 1446 3680; x_wconf 86' lang='lat' dir='ltr'><strong>sest</strong></span> 
     </span>
    </p>

    <p class='ocr_par' dir='ltr' id='par_1_10' title="bbox 297 3716 1446 4220">
     <span class='ocr_line' id='line_1_31' title="bbox 297 3716 1446 3803; baseline 0.007 -17"><span class='ocrx_word' id='word_1_255' title='bbox 297 3716 339 3786; x_wconf 78' lang='grc'><strong>24</strong></span> <span class='ocrx_word' id='word_1_256' title='bbox 392 3725 477 3800; x_wconf 80' lang='lat' dir='ltr'><strong>cepit,</strong></span> <span class='ocrx_word' id='word_1_257' title='bbox 532 3727 588 3784; x_wconf 90' lang='lat' dir='ltr'><strong>His</strong></span> <span class='ocrx_word' id='word_1_258' title='bbox 620 3729 722 3785; x_wconf 90' lang='lat' dir='ltr'><strong>sedata</strong></span> <span class='ocrx_word' id='word_1_259' title='bbox 753 3730 783 3786; x_wconf 93' lang='lat' dir='ltr'><strong>in</strong></span> <span class='ocrx_word' id='word_1_260' title='bbox 815 3729 970 3803; x_wconf 75' lang='lat' dir='ltr'><strong>praesentia</strong></span> <span class='ocrx_word' id='word_1_261' title='bbox 1000 3729 1077 3803; x_wconf 86' lang='lat' dir='ltr'><strong>regis</strong></span> <span class='ocrx_word' id='word_1_262' title='bbox 1105 3728 1152 3785; x_wconf 90' lang='lat' dir='ltr'><strong>ira</strong></span> <span class='ocrx_word' id='word_1_263' title='bbox 1181 3730 1213 3787; x_wconf 91' lang='lat' dir='ltr'><strong>in</strong></span> <span class='ocrx_word' id='word_1_264' title='bbox 1235 3733 1386 3790; x_wconf 90' lang='lat' dir='ltr'><strong>Romanos</strong></span> <span class='ocrx_word' id='word_1_265' title='bbox 1402 3736 1446 3794; x_wconf 68' lang='lat' dir='ltr'><strong>esti</strong></span> 
     </span>
     <span class='ocr_line' id='line_1_32' title="bbox 392 3812 1444 3912; baseline 0.008 -27"><span class='ocrx_word' id='word_1_266' title='bbox 392 3849 539 3904; x_wconf 88' lang='lat' dir='ltr'><strong>nunquam</strong></span> <span class='ocrx_word' id='word_1_267' title='bbox 559 3812 659 3891; x_wconf 74' lang='lat' dir='ltr'><strong>tamen</strong></span> <span class='ocrx_word' id='word_1_268' title='bbox 681 3835 790 3891; x_wconf 86' lang='lat' dir='ltr'><strong>remisit</strong></span> <span class='ocrx_word' id='word_1_269' title='bbox 815 3835 942 3891; x_wconf 89' lang='lat' dir='ltr'><strong>animum</strong></span> <span class='ocrx_word' id='word_1_270' title='bbox 965 3853 984 3889; x_wconf 87' lang='lat' dir='ltr'><strong>a</strong></span> <span class='ocrx_word' id='word_1_271' title='bbox 1005 3834 1174 3908; x_wconf 87' lang='lat' dir='ltr'><strong>colligendis</strong></span> <span class='ocrx_word' id='word_1_272' title='bbox 1197 3835 1228 3893; x_wconf 89' lang='lat' dir='ltr'><strong>in</strong></span> <span class='ocrx_word' id='word_1_273' title='bbox 1250 3814 1328 3912; x_wconf 84' lang='lat' dir='ltr'><strong>pace</strong></span> <span class='ocrx_word' id='word_1_274' title='bbox 1347 3837 1444 3901; x_wconf 80' lang='lat' dir='ltr'><strong>viribus,</strong></span> 
     </span>
     <span class='ocr_line' id='line_1_33' title="bbox 392 3936 1443 4017; baseline 0.005 -26"><span class='ocrx_word' id='word_1_275' title='bbox 392 3936 511 4009; x_wconf 91' lang='lat' dir='ltr'><strong>quibus,</strong></span> <span class='ocrx_word' id='word_1_276' title='bbox 544 3939 719 4011; x_wconf 88' lang='lat' dir='ltr'><strong>quandoque</strong></span> <span class='ocrx_word' id='word_1_277' title='bbox 736 3940 819 3996; x_wconf 52' lang='lat' dir='ltr'><strong>&#39;data</strong></span> <span class='ocrx_word' id='word_1_278' title='bbox 847 3939 967 4017; x_wconf 87' lang='lat' dir='ltr'><strong>fortuna</strong></span> <span class='ocrx_word' id='word_1_279' title='bbox 994 3950 1085 4009; x_wconf 89' lang='lat' dir='ltr'><strong>esset,</strong></span> <span class='ocrx_word' id='word_1_280' title='bbox 1118 3941 1157 3996; x_wconf 91' lang='lat' dir='ltr'><strong>ad</strong></span> <span class='ocrx_word' id='word_1_281' title='bbox 1189 3941 1301 4001; x_wconf 92' lang='lat' dir='ltr'><strong>bellum</strong></span> <span class='ocrx_word' id='word_1_282' title='bbox 1328 3951 1443 4001; x_wconf 77' lang='lat' dir='ltr'><strong>uterum</strong></span> 
     </span>
     <span class='ocr_line' id='line_1_34' title="bbox 359 4041 1443 4124; baseline 0.01 -28"><span class='ocrx_word' id='word_1_283' title='bbox 359 4041 556 4116; x_wconf 83' lang='lat' dir='ltr'><strong>2Vectigelia</strong></span> <span class='ocrx_word' id='word_1_284' title='bbox 584 4043 666 4117; x_wconf 88' lang='lat' dir='ltr'><strong>regui</strong></span> <span class='ocrx_word' id='word_1_285' title='bbox 695 4063 753 4101; x_wconf 92' lang='lat' dir='ltr'><strong>non</strong></span> <span class='ocrx_word' id='word_1_286' title='bbox 785 4044 927 4102; x_wconf 83' lang='lat' dir='ltr'><strong>fructibus</strong></span> <span class='ocrx_word' id='word_1_287' title='bbox 954 4054 1065 4102; x_wconf 88' lang='lat' dir='ltr'><strong>tantum</strong></span> <span class='ocrx_word' id='word_1_288' title='bbox 1096 4064 1238 4120; x_wconf 86' lang='lat' dir='ltr'><strong>agrorum</strong></span> <span class='ocrx_word' id='word_1_289' title='bbox 1268 4047 1443 4124; x_wconf 69' lang='lat' dir='ltr'><strong>portoriisque</strong></span> 
     </span>
     <span class='ocr_line' id='line_1_35' title="bbox 391 4148 1443 4220; baseline 0.01 -19"><span class='ocrx_word' id='word_1_290' title='bbox 391 4148 541 4203; x_wconf 90' lang='lat' dir='ltr'><strong>maritimis</strong></span> <span class='ocrx_word' id='word_1_291' title='bbox 564 4149 655 4220; x_wconf 88' lang='lat' dir='ltr'><strong>auxit,</strong></span> <span class='ocrx_word' id='word_1_292' title='bbox 677 4150 727 4206; x_wconf 89' lang='lat' dir='ltr'><strong>sed</strong></span> <span class='ocrx_word' id='word_1_293' title='bbox 742 4152 859 4208; x_wconf 88' lang='lat' dir='ltr'><strong>metalla</strong></span> <span class='ocrx_word' id='word_1_294' title='bbox 883 4152 969 4208; x_wconf 88' lang='lat' dir='ltr'><strong>etiam</strong></span> <span class='ocrx_word' id='word_1_295' title='bbox 992 4162 1021 4208; x_wconf 92' lang='lat' dir='ltr'><strong>et</strong></span> <span class='ocrx_word' id='word_1_296' title='bbox 1040 4163 1142 4209; x_wconf 88' lang='lat' dir='ltr'><strong>vetera</strong></span> <span class='ocrx_word' id='word_1_297' title='bbox 1163 4148 1443 4212; x_wconf 74' lang='lat' dir='ltr'><strong>intermissamcuuit</strong></span> 
     </span>
    </p>

    <p class='ocr_par' dir='ltr' id='par_1_11' title="bbox 358 4253 1441 4334">
     <span class='ocr_line' id='line_1_36' title="bbox 358 4253 1441 4334; baseline 0.009 -27"><span class='ocrx_word' id='word_1_298' title='bbox 358 4253 415 4307; x_wconf 70' lang='lat' dir='ltr'><strong>bet</strong></span> <span class='ocrx_word' id='word_1_299' title='bbox 435 4270 514 4309; x_wconf 87' lang='lat' dir='ltr'><strong>nova</strong></span> <span class='ocrx_word' id='word_1_300' title='bbox 535 4254 632 4311; x_wconf 92' lang='lat' dir='ltr'><strong>multis</strong></span> <span class='ocrx_word' id='word_1_301' title='bbox 656 4254 728 4311; x_wconf 92' lang='lat' dir='ltr'><strong>locis</strong></span> <span class='ocrx_word' id='word_1_302' title='bbox 750 4256 880 4313; x_wconf 87' lang='lat' dir='ltr'><strong>instituit.</strong></span> <span class='ocrx_word' id='word_1_303' title='bbox 922 4258 965 4316; x_wconf 93' lang='lat' dir='ltr'><strong>Ut</strong></span> <span class='ocrx_word' id='word_1_304' title='bbox 986 4276 1055 4314; x_wconf 90' lang='lat' dir='ltr'><strong>vero</strong></span> <span class='ocrx_word' id='word_1_305' title='bbox 1073 4259 1228 4334; x_wconf 87' lang='lat' dir='ltr'><strong>antiquam</strong></span> <span class='ocrx_word' id='word_1_306' title='bbox 1252 4259 1441 4319; x_wconf 72' lang='lat' dir='ltr'><strong>mutuandum</strong></span> 
     </span>
    </p>
   </div>
   <div class='ocr_carea' id='block_1_3' title="bbox 0 0 1746 5025">
    <p class='ocr_par' dir='ltr' id='par_1_12' title="bbox 0 0 1746 5025">
     <span class='ocr_line' id='line_1_37' title="bbox 0 0 1746 5025; baseline 0 5"><span class='ocrx_word' id='word_1_307' title='bbox 0 0 1746 5025; x_wconf 95' lang='lat' dir='ltr'><strong> </strong></span> 
     </span>
    </p>
   </div>
  </div>
 </body>
</html>
