<?xml version="1.0" encoding="UTF-8"?>
<!DOCTYPE html PUBLIC "-//W3C//DTD XHTML 1.0 Transitional//EN"
    "http://www.w3.org/TR/xhtml1/DTD/xhtml1-transitional.dtd">
<html xmlns="http://www.w3.org/1999/xhtml" xml:lang="en" lang="en">
 <head>
  <title>
</title>
<meta http-equiv="Content-Type" content="text/html;charset=utf-8" />
  <meta name='ocr-system' content='tesseract 3.04.00' />
  <meta name='ocr-capabilities' content='ocr_page ocr_carea ocr_par ocr_line ocrx_word'/>
</head>
<body>
  <div class='ocr_page' id='page_1' title='image "./titiliviihistor00ussigoog_0065.png"; bbox 0 0 3484 5025; ppageno 0'>
   <div class='ocr_carea' id='block_1_1' title="bbox 595 528 1287 592">
    <p class='ocr_par' dir='ltr' id='par_1_1' title="bbox 595 528 1287 592">
     <span class='ocr_line' id='line_1_1' title="bbox 595 528 1287 592; baseline 0.001 -11"><span class='ocrx_word' id='word_1_1' title='bbox 595 532 674 583; x_wconf 77' lang='lat' dir='ltr'>Liber</span> <span class='ocrx_word' id='word_1_2' title='bbox 689 532 791 584; x_wconf 81' lang='lat' dir='ltr'>xm.</span> <span class='ocrx_word' id='word_1_3' title='bbox 827 530 871 591; x_wconf 82' lang='grc' dir='ltr'>(Δ.</span> <span class='ocrx_word' id='word_1_4' title='bbox 885 528 932 581; x_wconf 81' lang='lat' dir='ltr'>Ch.</span> <span class='ocrx_word' id='word_1_5' title='bbox 946 530 1019 592; x_wconf 65' lang='lat'><strong>200.)</strong></span> <span class='ocrx_word' id='word_1_6' title='bbox 1206 564 1217 586; x_wconf 82' lang='grc'><strong>.</strong></span> <span class='ocrx_word' id='word_1_7' title='bbox 1251 532 1287 588; x_wconf 82' lang='grc'>27</span> 
     </span>
    </p>
   </div>
   <div class='ocr_carea' id='block_1_2' title="bbox 219 714 1445 4395">
    <p class='ocr_par' dir='ltr' id='par_1_2' title="bbox 219 714 1445 4395">
     <span class='ocr_line' id='line_1_2' title="bbox 272 714 1330 793; baseline 0 -22"><span class='ocrx_word' id='word_1_8' title='bbox 272 715 406 787; x_wconf 77' lang='lat' dir='ltr'>oedoues,</span> <span class='ocrx_word' id='word_1_9' title='bbox 431 734 521 790; x_wconf 90' lang='lat' dir='ltr'>quum</span> <span class='ocrx_word' id='word_1_10' title='bbox 543 718 581 774; x_wconf 95' lang='lat' dir='ltr'>ad</span> <span class='ocrx_word' id='word_1_11' title='bbox 604 717 821 793; x_wconf 79' lang='lat' dir='ltr'><strong>conquerendas</strong></span> <span class='ocrx_word' id='word_1_12' title='bbox 841 715 970 792; x_wconf 90' lang='lat' dir='ltr'>Philippi</span> <span class='ocrx_word' id='word_1_13' title='bbox 991 714 1150 772; x_wconf 88' lang='lat' dir='ltr'>iniuriasiu</span> <span class='ocrx_word' id='word_1_14' title='bbox 1172 722 1215 771; x_wconf 86' lang='lat' dir='ltr'>tot</span> <span class='ocrx_word' id='word_1_15' title='bbox 1236 714 1330 771; x_wconf 87' lang='lat' dir='ltr'>socias</span> 
     </span>
     <span class='ocr_line' id='line_1_3' title="bbox 273 819 1329 893; baseline -0.003 -15"><span class='ocrx_word' id='word_1_16' title='bbox 273 822 355 878; x_wconf 91' lang='lat' dir='ltr'>nobis</span> <span class='ocrx_word' id='word_1_17' title='bbox 377 824 465 879; x_wconf 85' lang='lat' dir='ltr'>urbes</span> <span class='ocrx_word' id='word_1_18' title='bbox 487 823 640 893; x_wconf 79' lang='lat' dir='ltr'>venissem,</span> <span class='ocrx_word' id='word_1_19' title='bbox 668 823 744 881; x_wconf 92' lang='lat' dir='ltr'>ultro</span> <span class='ocrx_word' id='word_1_20' title='bbox 766 822 929 879; x_wconf 90' lang='lat' dir='ltr'>accusando</span> <span class='ocrx_word' id='word_1_21' title='bbox 953 824 1111 890; x_wconf 86' lang='lat' dir='ltr'>Romanos,</span> <span class='ocrx_word' id='word_1_22' title='bbox 1134 819 1329 877; x_wconf 80' lang='lat' dir='ltr'>defensionem</span> 
     </span>
     <span class='ocr_line' id='line_1_4' title="bbox 274 924 1360 1005; baseline -0.003 -23"><span class='ocrx_word' id='word_1_23' title='bbox 274 935 304 983; x_wconf 91' lang='lat' dir='ltr'>ut</span> <span class='ocrx_word' id='word_1_24' title='bbox 323 928 512 986; x_wconf 75' lang='lat' dir='ltr'>accusatione</span> <span class='ocrx_word' id='word_1_25' title='bbox 532 930 674 1005; x_wconf 88' lang='lat' dir='ltr'>potiorem</span> <span class='ocrx_word' id='word_1_26' title='bbox 697 931 843 999; x_wconf 86' lang='lat' dir='ltr'>haberem,</span> <span class='ocrx_word' id='word_1_27' title='bbox 865 926 1031 998; x_wconf 85' lang='lat' dir='ltr'>effecerunt,</span> <span class='ocrx_word' id='word_1_28' title='bbox 1053 937 1081 983; x_wconf 91' lang='lat' dir='ltr'>et</span> <span class='ocrx_word' id='word_1_29' title='bbox 1096 925 1286 984; x_wconf 76' lang='lat' dir='ltr'>Athenienses</span> <span class='ocrx_word' id='word_1_30' title='bbox 1299 924 1360 980; x_wconf 74' lang='lat' dir='ltr'>ind</span> 
     </span>
     <span class='ocr_line' id='line_1_5' title="bbox 274 1030 1329 1111; baseline -0.002 -23"><span class='ocrx_word' id='word_1_31' title='bbox 274 1032 341 1088; x_wconf 90' lang='lat' dir='ltr'>deos</span> <span class='ocrx_word' id='word_1_32' title='bbox 369 1032 482 1091; x_wconf 86' lang='lat' dir='ltr'>inferos</span> <span class='ocrx_word' id='word_1_33' title='bbox 506 1053 684 1111; x_wconf 87' lang='lat' dir='ltr'>superosque</span> <span class='ocrx_word' id='word_1_34' title='bbox 705 1034 831 1093; x_wconf 85' lang='lat' dir='ltr'>nefanda</span> <span class='ocrx_word' id='word_1_35' title='bbox 852 1044 941 1109; x_wconf 90' lang='lat' dir='ltr'>atque</span> <span class='ocrx_word' id='word_1_36' title='bbox 961 1034 1118 1090; x_wconf 79' lang='lat' dir='ltr'>inhumane</span> <span class='ocrx_word' id='word_1_37' title='bbox 1138 1031 1248 1088; x_wconf 88' lang='lat' dir='ltr'>scelera</span> <span class='ocrx_word' id='word_1_38' title='bbox 1268 1030 1329 1087; x_wconf 89' lang='lat' dir='ltr'>eius</span> 
     </span>
     <span class='ocr_line' id='line_1_6' title="bbox 276 1136 1330 1215; baseline -0.002 -20"><span class='ocrx_word' id='word_1_39' title='bbox 276 1137 424 1196; x_wconf 76' lang='lat' dir='ltr'>referendo</span> <span class='ocrx_word' id='word_1_40' title='bbox 454 1140 524 1214; x_wconf 90' lang='lat' dir='ltr'>quid</span> <span class='ocrx_word' id='word_1_41' title='bbox 545 1141 615 1197; x_wconf 92' lang='lat' dir='ltr'>mihi</span> <span class='ocrx_word' id='word_1_42' title='bbox 646 1152 696 1198; x_wconf 88' lang='lat' dir='ltr'>aut</span> <span class='ocrx_word' id='word_1_43' title='bbox 722 1141 855 1215; x_wconf 88' lang='lat' dir='ltr'>cuiquam</span> <span class='ocrx_word' id='word_1_44' title='bbox 886 1140 1075 1214; x_wconf 84' lang='lat' dir='ltr'>reliquerunt,</span> <span class='ocrx_word' id='word_1_45' title='bbox 1107 1137 1184 1212; x_wconf 90' lang='lat' dir='ltr'>quod</span> <span class='ocrx_word' id='word_1_46' title='bbox 1206 1136 1330 1194; x_wconf 90' lang='lat' dir='ltr'>obiicere</span> 
     </span>
     <span class='ocr_line' id='line_1_7' title="bbox 219 1243 1359 1326; baseline -0.003 -25"><span class='ocrx_word' id='word_1_47' title='bbox 219 1281 228 1326; x_wconf 52' lang='lat' dir='ltr'>t,</span> <span class='ocrx_word' id='word_1_48' title='bbox 280 1244 347 1301; x_wconf 82' lang='lat' dir='ltr'>altre</span> <span class='ocrx_word' id='word_1_49' title='bbox 390 1245 525 1320; x_wconf 82' lang='lat' dir='ltr'>possim?</span> <span class='ocrx_word' id='word_1_50' title='bbox 575 1248 685 1304; x_wconf 75' lang='lat' dir='ltr'>Eadem</span> <span class='ocrx_word' id='word_1_51' title='bbox 725 1249 786 1304; x_wconf 74' lang='lat' dir='ltr'>brec</span> <span class='ocrx_word' id='word_1_52' title='bbox 824 1246 947 1315; x_wconf 79' lang='lat' dir='ltr'>Cianos,</span> <span class='ocrx_word' id='word_1_53' title='bbox 991 1244 1163 1320; x_wconf 84' lang='lat' dir='ltr'>Abyden0s‚</span> <span class='ocrx_word' id='word_1_54' title='bbox 1206 1243 1359 1310; x_wconf 72' lang='lat' dir='ltr'>AEneoat</span> 
     </span>
     <span class='ocr_line' id='line_1_8' title="bbox 219 1348 1330 1423; baseline 0 -18"><span class='ocrx_word' id='word_1_55' title='bbox 219 1349 221 1378; x_wconf 67' lang='lat'><em>³</em></span> <span class='ocrx_word' id='word_1_56' title='bbox 279 1348 444 1421; x_wconf 74' lang='lat' dir='ltr'>Maronites,</span> <span class='ocrx_word' id='word_1_57' title='bbox 467 1352 603 1423; x_wconf 86' lang='lat' dir='ltr'>Thasios,</span> <span class='ocrx_word' id='word_1_58' title='bbox 625 1354 738 1422; x_wconf 74' lang='lat' dir='ltr'>Parios,</span> <span class='ocrx_word' id='word_1_59' title='bbox 760 1353 885 1421; x_wconf 76' lang='lat' dir='ltr'>Samios,</span> <span class='ocrx_word' id='word_1_60' title='bbox 901 1351 1077 1421; x_wconf 67' lang='lat' dir='ltr'>hennenses,</span> <span class='ocrx_word' id='word_1_61' title='bbox 1094 1349 1252 1406; x_wconf 86' lang='lat' dir='ltr'>Messenios</span> <span class='ocrx_word' id='word_1_62' title='bbox 1263 1349 1330 1406; x_wconf 90' lang='lat' dir='ltr'>hino</span> 
     </span>
     <span class='ocr_line' id='line_1_9' title="bbox 280 1456 1330 1534; baseline -0.001 -22"><span class='ocrx_word' id='word_1_63' title='bbox 280 1473 311 1511; x_wconf 81' lang='lat' dir='ltr'>cx</span> <span class='ocrx_word' id='word_1_64' title='bbox 329 1457 446 1514; x_wconf 83' lang='lat' dir='ltr'>Achaia</span> <span class='ocrx_word' id='word_1_65' title='bbox 467 1459 631 1517; x_wconf 89' lang='lat' dir='ltr'>existimate</span> <span class='ocrx_word' id='word_1_66' title='bbox 653 1461 743 1534; x_wconf 87' lang='lat' dir='ltr'>queri,</span> <span class='ocrx_word' id='word_1_67' title='bbox 764 1459 902 1534; x_wconf 85' lang='lat' dir='ltr'>graviora</span> <span class='ocrx_word' id='word_1_68' title='bbox 920 1457 1127 1529; x_wconf 86' lang='lat' dir='ltr'>acerbioraque</span> <span class='ocrx_word' id='word_1_69' title='bbox 1148 1473 1207 1525; x_wconf 77' lang='lat' dir='ltr'>eos,</span> <span class='ocrx_word' id='word_1_70' title='bbox 1227 1456 1330 1530; x_wconf 89' lang='lat' dir='ltr'>quibus</span> 
     </span>
     <span class='ocr_line' id='line_1_10' title="bbox 281 1560 1360 1636; baseline -0.003 -20"><span class='ocrx_word' id='word_1_71' title='bbox 281 1561 392 1618; x_wconf 90' lang='lat' dir='ltr'>nocendi</span> <span class='ocrx_word' id='word_1_72' title='bbox 418 1564 558 1621; x_wconf 88' lang='lat' dir='ltr'>maiorem</span> <span class='ocrx_word' id='word_1_73' title='bbox 580 1565 746 1623; x_wconf 85' lang='lat' dir='ltr'>facultatem</span> <span class='ocrx_word' id='word_1_74' title='bbox 767 1566 879 1623; x_wconf 66' lang='lat' dir='ltr'>habuit:</span> <span class='ocrx_word' id='word_1_75' title='bbox 913 1564 990 1621; x_wconf 90' lang='lat' dir='ltr'>Nam</span> <span class='ocrx_word' id='word_1_76' title='bbox 1014 1561 1091 1636; x_wconf 86' lang='lat' dir='ltr'>quod</span> <span class='ocrx_word' id='word_1_77' title='bbox 1114 1560 1150 1617; x_wconf 92' lang='lat' dir='ltr'>ad</span> <span class='ocrx_word' id='word_1_78' title='bbox 1172 1560 1360 1629; x_wconf 73' lang='lat' dir='ltr'>eaattinet,5</span> 
     </span>
     <span class='ocr_line' id='line_1_11' title="bbox 283 1664 1329 1747; baseline -0.004 -22"><span class='ocrx_word' id='word_1_79' title='bbox 283 1686 337 1743; x_wconf 79' lang='lat' dir='ltr'>qua</span> <span class='ocrx_word' id='word_1_80' title='bbox 365 1669 451 1726; x_wconf 88' lang='lat' dir='ltr'>nobis</span> <span class='ocrx_word' id='word_1_81' title='bbox 474 1670 593 1741; x_wconf 82' lang='lat' dir='ltr'>obiecit,</span> <span class='ocrx_word' id='word_1_82' title='bbox 624 1672 679 1728; x_wconf 91' lang='lat' dir='ltr'>nisi</span> <span class='ocrx_word' id='word_1_83' title='bbox 700 1672 794 1747; x_wconf 87' lang='lat' dir='ltr'>gioria</span> <span class='ocrx_word' id='word_1_84' title='bbox 824 1672 912 1746; x_wconf 90' lang='lat' dir='ltr'>digna</span> <span class='ocrx_word' id='word_1_85' title='bbox 934 1677 1008 1733; x_wconf 75' lang='lat' dir='ltr'>sunt,</span> <span class='ocrx_word' id='word_1_86' title='bbox 1036 1666 1130 1725; x_wconf 86' lang='lat' dir='ltr'>fateor</span> <span class='ocrx_word' id='word_1_87' title='bbox 1158 1684 1192 1722; x_wconf 84' lang='lat' dir='ltr'>aa</span> <span class='ocrx_word' id='word_1_88' title='bbox 1215 1664 1329 1722; x_wconf 82' lang='lat' dir='ltr'>defendi</span> 
     </span>
     <span class='ocr_line' id='line_1_12' title="bbox 245 1772 1328 1852; baseline 0 -23"><span class='ocrx_word' id='word_1_89' title='bbox 245 1779 247 1784; x_wconf 88' lang='lat'>&#39;</span> <span class='ocrx_word' id='word_1_90' title='bbox 282 1792 330 1830; x_wconf 91' lang='lat' dir='ltr'>non</span> <span class='ocrx_word' id='word_1_91' title='bbox 354 1792 452 1849; x_wconf 87' lang='lat' dir='ltr'>posse.</span> <span class='ocrx_word' id='word_1_92' title='bbox 504 1777 626 1851; x_wconf 84' lang='lat' dir='ltr'>Regium</span> <span class='ocrx_word' id='word_1_93' title='bbox 654 1790 683 1834; x_wconf 88' lang='lat' dir='ltr'>et</span> <span class='ocrx_word' id='word_1_94' title='bbox 709 1776 840 1852; x_wconf 85' lang='lat' dir='ltr'>Capuam</span> <span class='ocrx_word' id='word_1_95' title='bbox 869 1786 897 1832; x_wconf 86' lang='lat' dir='ltr'>et</span> <span class='ocrx_word' id='word_1_96' title='bbox 919 1779 1080 1851; x_wconf 76' lang='lat' dir='ltr'>Syracusas</span> <span class='ocrx_word' id='word_1_97' title='bbox 1109 1772 1192 1829; x_wconf 92' lang='lat' dir='ltr'>nobis</span> <span class='ocrx_word' id='word_1_98' title='bbox 1215 1772 1328 1834; x_wconf 90' lang='lat' dir='ltr'>obiecit.</span> 
     </span>
     <span class='ocr_line' id='line_1_13' title="bbox 282 1878 1360 1957; baseline -0.003 -20"><span class='ocrx_word' id='word_1_99' title='bbox 282 1880 391 1956; x_wconf 68' lang='grc' dir='ltr'>Βοςίιιιιι</span> <span class='ocrx_word' id='word_1_100' title='bbox 415 1880 523 1955; x_wconf 83' lang='lat' dir='ltr'>Pyrrhi</span> <span class='ocrx_word' id='word_1_101' title='bbox 543 1880 732 1957; x_wconf 90' lang='lat' dir='ltr'>bellolegioa</span> <span class='ocrx_word' id='word_1_102' title='bbox 744 1882 836 1951; x_wconf 76' lang='lat' dir='ltr'>nobis,</span> <span class='ocrx_word' id='word_1_103' title='bbox 858 1882 976 1956; x_wconf 86' lang='lat' dir='ltr'>Reginis</span> <span class='ocrx_word' id='word_1_104' title='bbox 998 1880 1076 1955; x_wconf 80' lang='lat' dir='ltr'>ipsis,</span> <span class='ocrx_word' id='word_1_105' title='bbox 1099 1888 1130 1935; x_wconf 90' lang='lat' dir='ltr'>ut</span> <span class='ocrx_word' id='word_1_106' title='bbox 1143 1878 1360 1951; x_wconf 74' lang='lat' dir='ltr'>mitteremuS‚6</span> 
     </span>
     <span class='ocr_line' id='line_1_14' title="bbox 282 1984 1328 2061; baseline -0.001 -18"><span class='ocrx_word' id='word_1_107' title='bbox 282 1988 428 2055; x_wconf 76' lang='lat' dir='ltr'>amabas,</span> <span class='ocrx_word' id='word_1_108' title='bbox 439 1986 470 2042; x_wconf 91' lang='lat' dir='ltr'>in</span> <span class='ocrx_word' id='word_1_109' title='bbox 481 1988 644 2060; x_wconf 86' lang='lat' dir='ltr'>praesidium</span> <span class='ocrx_word' id='word_1_110' title='bbox 658 1989 746 2045; x_wconf 89' lang='lat' dir='ltr'>missa</span> <span class='ocrx_word' id='word_1_111' title='bbox 754 1988 863 2057; x_wconf 86' lang='lat' dir='ltr'>urbem,</span> <span class='ocrx_word' id='word_1_112' title='bbox 876 1988 913 2043; x_wconf 87' lang='lat' dir='ltr'>ad</span> <span class='ocrx_word' id='word_1_113' title='bbox 924 2006 1011 2061; x_wconf 90' lang='lat' dir='ltr'>quam</span> <span class='ocrx_word' id='word_1_114' title='bbox 1020 1984 1230 2043; x_wconf 89' lang='lat' dir='ltr'>defendendam</span> <span class='ocrx_word' id='word_1_115' title='bbox 1239 1987 1328 2043; x_wconf 86' lang='lat' dir='ltr'>misse</span> 
     </span>
     <span class='ocr_line' id='line_1_15' title="bbox 284 2091 1357 2169; baseline 0.001 -21"><span class='ocrx_word' id='word_1_116' title='bbox 284 2102 340 2162; x_wconf 78' lang='lat' dir='ltr'>nat,</span> <span class='ocrx_word' id='word_1_117' title='bbox 365 2111 421 2167; x_wconf 87' lang='lat' dir='ltr'>per</span> <span class='ocrx_word' id='word_1_118' title='bbox 447 2092 541 2148; x_wconf 86' lang='lat' dir='ltr'>scelus</span> <span class='ocrx_word' id='word_1_119' title='bbox 568 2094 704 2167; x_wconf 84' lang='lat' dir='ltr'>possedit.</span> <span class='ocrx_word' id='word_1_120' title='bbox 754 2093 1015 2169; x_wconf 87' lang='lat' dir='ltr'>Comprobavimus</span> <span class='ocrx_word' id='word_1_121' title='bbox 1040 2110 1109 2167; x_wconf 90' lang='lat' dir='ltr'>ergo</span> <span class='ocrx_word' id='word_1_122' title='bbox 1141 2091 1170 2147; x_wconf 91' lang='lat' dir='ltr'>id</span> <span class='ocrx_word' id='word_1_123' title='bbox 1196 2091 1357 2156; x_wconf 77' lang='lat' dir='ltr'>facinusi&#39;l</span> 
     </span>
     <span class='ocr_line' id='line_1_16' title="bbox 284 2197 1327 2275; baseline 0.004 -22"><span class='ocrx_word' id='word_1_124' title='bbox 284 2197 416 2270; x_wconf 24' lang='lat' dir='ltr'>tin-bello</span> <span class='ocrx_word' id='word_1_125' title='bbox 439 2200 582 2272; x_wconf 82' lang='lat' dir='ltr'>persecuti</span> <span class='ocrx_word' id='word_1_126' title='bbox 604 2201 773 2258; x_wconf 84' lang='lat' dir='ltr'>sceleratam</span> <span class='ocrx_word' id='word_1_127' title='bbox 795 2201 948 2275; x_wconf 72' lang='lat' dir='ltr'>legionem,</span> <span class='ocrx_word' id='word_1_128' title='bbox 968 2200 997 2255; x_wconf 92' lang='lat' dir='ltr'>in</span> <span class='ocrx_word' id='word_1_129' title='bbox 1012 2207 1184 2274; x_wconf 88' lang='lat' dir='ltr'>potestatem</span> <span class='ocrx_word' id='word_1_130' title='bbox 1198 2208 1327 2256; x_wconf 90' lang='lat' dir='ltr'>nostram</span> 
     </span>
     <span class='ocr_line' id='line_1_17' title="bbox 284 2302 1327 2382; baseline 0.003 -23"><span class='ocrx_word' id='word_1_131' title='bbox 284 2302 425 2374; x_wconf 76' lang='lat' dir='ltr'>redactam,</span> <span class='ocrx_word' id='word_1_132' title='bbox 449 2311 533 2380; x_wconf 88' lang='lat' dir='ltr'>tergo</span> <span class='ocrx_word' id='word_1_133' title='bbox 554 2315 583 2363; x_wconf 91' lang='lat' dir='ltr'>et</span> <span class='ocrx_word' id='word_1_134' title='bbox 601 2308 760 2364; x_wconf 86' lang='lat' dir='ltr'>cervicibus</span> <span class='ocrx_word' id='word_1_135' title='bbox 781 2324 883 2382; x_wconf 84' lang='lat' dir='ltr'>poenas</span> <span class='ocrx_word' id='word_1_136' title='bbox 905 2305 990 2362; x_wconf 90' lang='lat' dir='ltr'>sociis</span> <span class='ocrx_word' id='word_1_137' title='bbox 1011 2305 1136 2380; x_wconf 91' lang='lat' dir='ltr'>pendere</span> <span class='ocrx_word' id='word_1_138' title='bbox 1158 2322 1244 2378; x_wconf 89' lang='lat' dir='ltr'>quum</span> <span class='ocrx_word' id='word_1_139' title='bbox 1261 2324 1327 2362; x_wconf 90' lang='lat' dir='ltr'>coe·</span> 
     </span>
     <span class='ocr_line' id='line_1_18' title="bbox 220 2406 1328 2488; baseline -0.002 -22"><span class='ocrx_word' id='word_1_140' title='bbox 220 2455 223 2488; x_wconf 35' lang='lat'>2</span> <span class='ocrx_word' id='word_1_141' title='bbox 286 2406 420 2481; x_wconf 45' lang='lat' dir='ltr'>mamus,</span> <span class='ocrx_word' id='word_1_142' title='bbox 444 2412 557 2483; x_wconf 82' lang='lat' dir='ltr'>urbem,</span> <span class='ocrx_word' id='word_1_143' title='bbox 578 2431 665 2488; x_wconf 88' lang='lat' dir='ltr'>agros</span> <span class='ocrx_word' id='word_1_144' title='bbox 687 2432 798 2487; x_wconf 87' lang='lat' dir='ltr'>suaque</span> <span class='ocrx_word' id='word_1_145' title='bbox 819 2413 917 2469; x_wconf 91' lang='lat' dir='ltr'>omnia</span> <span class='ocrx_word' id='word_1_146' title='bbox 938 2431 1001 2469; x_wconf 91' lang='lat' dir='ltr'>cum</span> <span class='ocrx_word' id='word_1_147' title='bbox 1017 2411 1149 2467; x_wconf 88' lang='lat' dir='ltr'>libertate</span> <span class='ocrx_word' id='word_1_148' title='bbox 1159 2408 1328 2483; x_wconf 88' lang='lat' dir='ltr'>legibusque</span> 
     </span>
     <span class='ocr_line' id='line_1_19' title="bbox 284 2514 1357 2596; baseline 0.001 -23"><span class='ocrx_word' id='word_1_149' title='bbox 284 2514 384 2591; x_wconf 59' lang='lat' dir='ltr'>Reginis</span> <span class='ocrx_word' id='word_1_150' title='bbox 406 2517 604 2576; x_wconf 85' lang='lat' dir='ltr'>reddidimus?</span> <span class='ocrx_word' id='word_1_151' title='bbox 626 2519 816 2596; x_wconf 84' lang='lat' dir='ltr'>Syracusanis</span> <span class='ocrx_word' id='word_1_152' title='bbox 838 2520 983 2595; x_wconf 89' lang='lat' dir='ltr'>oppressis</span> <span class='ocrx_word' id='word_1_153' title='bbox 1001 2519 1038 2575; x_wconf 88' lang='lat' dir='ltr'>ab</span> <span class='ocrx_word' id='word_1_154' title='bbox 1053 2515 1177 2575; x_wconf 79' lang='lat' dir='ltr'>externis</span> <span class='ocrx_word' id='word_1_155' title='bbox 1189 2516 1357 2591; x_wconf 82' lang='lat' dir='ltr'>tyrannis‚8</span> 
     </span>
     <span class='ocr_line' id='line_1_20' title="bbox 284 2621 1328 2700; baseline 0 -20"><span class='ocrx_word' id='word_1_156' title='bbox 284 2636 328 2693; x_wconf 80' lang='lat' dir='ltr'>quo</span> <span class='ocrx_word' id='word_1_157' title='bbox 348 2621 497 2698; x_wconf 85' lang='lat' dir='ltr'>indignius</span> <span class='ocrx_word' id='word_1_158' title='bbox 518 2634 608 2695; x_wconf 79' lang='lat' dir='ltr'>esset,</span> <span class='ocrx_word' id='word_1_159' title='bbox 636 2644 723 2699; x_wconf 84' lang='lat' dir='ltr'>quunr</span> <span class='ocrx_word' id='word_1_160' title='bbox 745 2625 908 2683; x_wconf 88' lang='lat' dir='ltr'>tulissemus</span> <span class='ocrx_word' id='word_1_161' title='bbox 930 2644 1024 2700; x_wconf 73' lang='lat' dir='ltr'>opem,</span> <span class='ocrx_word' id='word_1_162' title='bbox 1053 2635 1081 2680; x_wconf 95' lang='lat' dir='ltr'>et</span> <span class='ocrx_word' id='word_1_163' title='bbox 1101 2622 1216 2698; x_wconf 77' lang='lat' dir='ltr'>fatigati</span> <span class='ocrx_word' id='word_1_164' title='bbox 1236 2642 1328 2699; x_wconf 92' lang='lat' dir='ltr'>prope</span> 
     </span>
     <span class='ocr_line' id='line_1_21' title="bbox 229 2729 1328 2806; baseline 0 -20"><span class='ocrx_word' id='word_1_165' title='bbox 229 2735 233 2742; x_wconf 86' lang='grc'><strong>’</strong></span> <span class='ocrx_word' id='word_1_166' title='bbox 284 2743 325 2798; x_wconf 79' lang='lat' dir='ltr'>ptr</span> <span class='ocrx_word' id='word_1_167' title='bbox 350 2729 507 2787; x_wconf 76' lang='lat' dir='ltr'>triennium</span> <span class='ocrx_word' id='word_1_168' title='bbox 544 2743 622 2788; x_wconf 90' lang='lat' dir='ltr'>terra</span> <span class='ocrx_word' id='word_1_169' title='bbox 653 2732 785 2806; x_wconf 87' lang='lat' dir='ltr'>marique</span> <span class='ocrx_word' id='word_1_170' title='bbox 816 2733 888 2788; x_wconf 89' lang='lat' dir='ltr'>urbe</span> <span class='ocrx_word' id='word_1_171' title='bbox 921 2729 1110 2787; x_wconf 87' lang='lat' dir='ltr'>munitissima</span> <span class='ocrx_word' id='word_1_172' title='bbox 1132 2731 1328 2804; x_wconf 91' lang='lat' dir='ltr'>oppugnanda</span> 
     </span>
     <span class='ocr_line' id='line_1_22' title="bbox 286 2835 1325 2913; baseline 0.002 -23"><span class='ocrx_word' id='word_1_173' title='bbox 286 2847 406 2905; x_wconf 63' lang='lat' dir='ltr'>manue,</span> <span class='ocrx_word' id='word_1_174' title='bbox 442 2855 532 2910; x_wconf 91' lang='lat' dir='ltr'>quum</span> <span class='ocrx_word' id='word_1_175' title='bbox 563 2838 622 2894; x_wconf 89' lang='lat' dir='ltr'>iam</span> <span class='ocrx_word' id='word_1_176' title='bbox 648 2837 705 2913; x_wconf 90' lang='lat' dir='ltr'>ipsi</span> <span class='ocrx_word' id='word_1_177' title='bbox 736 2837 912 2913; x_wconf 85' lang='lat' dir='ltr'>Syracusani</span> <span class='ocrx_word' id='word_1_178' title='bbox 939 2835 1047 2892; x_wconf 82' lang='lat' dir='ltr'>servire</span> <span class='ocrx_word' id='word_1_179' title='bbox 1078 2835 1207 2910; x_wconf 86' lang='lat' dir='ltr'>tyrannis</span> <span class='ocrx_word' id='word_1_180' title='bbox 1240 2854 1325 2908; x_wconf 91' lang='lat' dir='ltr'>quam</span> 
     </span>
     <span class='ocr_line' id='line_1_23' title="bbox 221 2939 1325 3018; baseline -0.005 -16"><span class='ocrx_word' id='word_1_181' title='bbox 221 2997 222 3002; x_wconf 73' lang='grc'>,</span> <span class='ocrx_word' id='word_1_182' title='bbox 286 2940 336 3014; x_wconf 73' lang='lat' dir='ltr'>tupi</span> <span class='ocrx_word' id='word_1_183' title='bbox 356 2960 374 2998; x_wconf 90' lang='lat' dir='ltr'>a</span> <span class='ocrx_word' id='word_1_184' title='bbox 394 2942 481 2999; x_wconf 92' lang='lat' dir='ltr'>nobis</span> <span class='ocrx_word' id='word_1_185' title='bbox 503 2943 629 3014; x_wconf 76' lang='lat' dir='ltr'>mallent,</span> <span class='ocrx_word' id='word_1_186' title='bbox 651 2953 767 3018; x_wconf 91' lang='lat' dir='ltr'>captam</span> <span class='ocrx_word' id='word_1_187' title='bbox 790 2943 889 2999; x_wconf 88' lang='lat' dir='ltr'>iisdem</span> <span class='ocrx_word' id='word_1_188' title='bbox 912 2941 1000 2998; x_wconf 88' lang='lat' dir='ltr'>armis</span> <span class='ocrx_word' id='word_1_189' title='bbox 1022 2949 1051 2997; x_wconf 92' lang='lat' dir='ltr'>et</span> <span class='ocrx_word' id='word_1_190' title='bbox 1064 2939 1325 2998; x_wconf 88' lang='lat' dir='ltr'>liberatamurbem</span> 
     </span>
     <span class='ocr_line' id='line_1_24' title="bbox 288 3045 1357 3124; baseline 0 -21"><span class='ocrx_word' id='word_1_191' title='bbox 288 3045 457 3108; x_wconf 78' lang='lat' dir='ltr'>reddidimus.</span> <span class='ocrx_word' id='word_1_192' title='bbox 490 3050 594 3124; x_wconf 85' lang='lat' dir='ltr'>Neque</span> <span class='ocrx_word' id='word_1_193' title='bbox 615 3050 721 3107; x_wconf 87' lang='lat' dir='ltr'>infitias</span> <span class='ocrx_word' id='word_1_194' title='bbox 742 3051 826 3117; x_wconf 81' lang='lat' dir='ltr'>imus,</span> <span class='ocrx_word' id='word_1_195' title='bbox 849 3046 976 3106; x_wconf 89' lang='lat' dir='ltr'>Siciliam</span> <span class='ocrx_word' id='word_1_196' title='bbox 994 3045 1174 3121; x_wconf 89' lang='lat' dir='ltr'>provinciam</span> <span class='ocrx_word' id='word_1_197' title='bbox 1196 3048 1357 3103; x_wconf 85' lang='lat' dir='ltr'>nostram9</span> 
     </span>
     <span class='ocr_line' id='line_1_25' title="bbox 220 3150 1327 3230; baseline -0.001 -19"><span class='ocrx_word' id='word_1_198' title='bbox 220 3174 237 3211; x_wconf 77' lang='lat' dir='ltr'>e</span> <span class='ocrx_word' id='word_1_199' title='bbox 289 3167 336 3208; x_wconf 76' lang='lat' dir='ltr'>etta</span> <span class='ocrx_word' id='word_1_200' title='bbox 363 3163 391 3210; x_wconf 89' lang='lat' dir='ltr'>et</span> <span class='ocrx_word' id='word_1_201' title='bbox 412 3153 553 3224; x_wconf 76' lang='lat' dir='ltr'>civitates,</span> <span class='ocrx_word' id='word_1_202' title='bbox 585 3174 649 3230; x_wconf 84' lang='lat' dir='ltr'>quae</span> <span class='ocrx_word' id='word_1_203' title='bbox 680 3156 709 3212; x_wconf 93' lang='lat' dir='ltr'>in</span> <span class='ocrx_word' id='word_1_204' title='bbox 738 3165 821 3230; x_wconf 87' lang='lat' dir='ltr'>parte</span> <span class='ocrx_word' id='word_1_205' title='bbox 847 3151 1126 3227; x_wconf 76' lang='lat' dir='ltr'>Carthaginiensium</span> <span class='ocrx_word' id='word_1_206' title='bbox 1155 3150 1269 3209; x_wconf 84' lang='lat' dir='ltr'>fuerunt</span> <span class='ocrx_word' id='word_1_207' title='bbox 1297 3163 1327 3210; x_wconf 87' lang='lat' dir='ltr'>et</span> 
     </span>
     <span class='ocr_line' id='line_1_26' title="bbox 290 3258 1324 3333; baseline 0.004 -23"><span class='ocrx_word' id='word_1_208' title='bbox 290 3272 332 3311; x_wconf 86' lang='lat' dir='ltr'>tuo</span> <span class='ocrx_word' id='word_1_209' title='bbox 357 3259 453 3316; x_wconf 90' lang='lat' dir='ltr'>animo</span> <span class='ocrx_word' id='word_1_210' title='bbox 482 3278 547 3316; x_wconf 87' lang='lat' dir='ltr'>cam</span> <span class='ocrx_word' id='word_1_211' title='bbox 577 3261 633 3317; x_wconf 89' lang='lat' dir='ltr'>illis</span> <span class='ocrx_word' id='word_1_212' title='bbox 656 3262 794 3318; x_wconf 85' lang='lat' dir='ltr'>adversus</span> <span class='ocrx_word' id='word_1_213' title='bbox 820 3278 874 3316; x_wconf 91' lang='lat' dir='ltr'>nos</span> <span class='ocrx_word' id='word_1_214' title='bbox 901 3258 1005 3314; x_wconf 91' lang='lat' dir='ltr'>bellum</span> <span class='ocrx_word' id='word_1_215' title='bbox 1028 3266 1194 3332; x_wconf 80' lang='lat' dir='ltr'>gesserunt,</span> <span class='ocrx_word' id='word_1_216' title='bbox 1218 3259 1324 3333; x_wconf 91' lang='lat' dir='ltr'>stipen-</span> 
     </span>
     <span class='ocr_line' id='line_1_27' title="bbox 291 3358 1325 3441; baseline -0.001 -20"><span class='ocrx_word' id='word_1_217' title='bbox 291 3358 378 3421; x_wconf 73' lang='lat' dir='ltr'>duta</span> <span class='ocrx_word' id='word_1_218' title='bbox 387 3365 473 3422; x_wconf 88' lang='lat' dir='ltr'>nobis</span> <span class='ocrx_word' id='word_1_219' title='bbox 490 3384 524 3421; x_wconf 89' lang='lat' dir='ltr'>ae</span> <span class='ocrx_word' id='word_1_220' title='bbox 538 3367 695 3441; x_wconf 87' lang='lat' dir='ltr'>vectigales</span> <span class='ocrx_word' id='word_1_221' title='bbox 710 3385 787 3437; x_wconf 89' lang='lat' dir='ltr'>esse;</span> <span class='ocrx_word' id='word_1_222' title='bbox 804 3367 873 3440; x_wconf 90' lang='lat' dir='ltr'>quin</span> <span class='ocrx_word' id='word_1_223' title='bbox 888 3373 989 3422; x_wconf 87' lang='lat' dir='ltr'>contra</span> <span class='ocrx_word' id='word_1_224' title='bbox 1002 3364 1058 3420; x_wconf 91' lang='lat' dir='ltr'>hoc</span> <span class='ocrx_word' id='word_1_225' title='bbox 1072 3372 1101 3418; x_wconf 88' lang='lat' dir='ltr'>et</span> <span class='ocrx_word' id='word_1_226' title='bbox 1115 3380 1168 3420; x_wconf 90' lang='lat' dir='ltr'>vos</span> <span class='ocrx_word' id='word_1_227' title='bbox 1183 3374 1211 3419; x_wconf 90' lang='lat' dir='ltr'>et</span> <span class='ocrx_word' id='word_1_228' title='bbox 1226 3381 1325 3420; x_wconf 90' lang='lat' dir='ltr'>omnes</span> 
     </span>
     <span class='ocr_line' id='line_1_28' title="bbox 291 3467 1325 3548; baseline 0 -23"><span class='ocrx_word' id='word_1_229' title='bbox 291 3477 370 3537; x_wconf 73' lang='lat' dir='ltr'>ruta</span> <span class='ocrx_word' id='word_1_230' title='bbox 398 3470 473 3528; x_wconf 89' lang='lat' dir='ltr'>scire</span> <span class='ocrx_word' id='word_1_231' title='bbox 500 3472 650 3543; x_wconf 80' lang='lat' dir='ltr'>volumus,</span> <span class='ocrx_word' id='word_1_232' title='bbox 679 3471 857 3548; x_wconf 91' lang='lat' dir='ltr'>promerito</span> <span class='ocrx_word' id='word_1_233' title='bbox 883 3470 985 3542; x_wconf 91' lang='lat' dir='ltr'>cuique</span> <span class='ocrx_word' id='word_1_234' title='bbox 1005 3487 1075 3543; x_wconf 85' lang='lat' dir='ltr'>erga</span> <span class='ocrx_word' id='word_1_235' title='bbox 1102 3487 1155 3524; x_wconf 92' lang='lat' dir='ltr'>nos</span> <span class='ocrx_word' id='word_1_236' title='bbox 1178 3467 1325 3525; x_wconf 81' lang='lat' dir='ltr'>fortunam</span> 
     </span>
     <span class='ocr_line' id='line_1_29' title="bbox 292 3574 1377 3654; baseline -0.002 -20"><span class='ocrx_word' id='word_1_237' title='bbox 292 3585 347 3633; x_wconf 59' lang='grc' dir='ltr'>Μ.</span> <span class='ocrx_word' id='word_1_238' title='bbox 391 3578 441 3633; x_wconf 86' lang='lat' dir='ltr'>An</span> <span class='ocrx_word' id='word_1_239' title='bbox 462 3575 678 3652; x_wconf 87' lang='lat' dir='ltr'>Campanorum</span> <span class='ocrx_word' id='word_1_240' title='bbox 703 3597 804 3654; x_wconf 77' lang='lat' dir='ltr'>poenae,</span> <span class='ocrx_word' id='word_1_241' title='bbox 833 3577 870 3633; x_wconf 92' lang='lat' dir='ltr'>de</span> <span class='ocrx_word' id='word_1_242' title='bbox 894 3594 951 3649; x_wconf 90' lang='lat' dir='ltr'>qua</span> <span class='ocrx_word' id='word_1_243' title='bbox 972 3594 1008 3631; x_wconf 90' lang='lat' dir='ltr'>ns</span> <span class='ocrx_word' id='word_1_244' title='bbox 1031 3574 1086 3649; x_wconf 86' lang='lat' dir='ltr'>ipsi</span> <span class='ocrx_word' id='word_1_245' title='bbox 1108 3574 1221 3647; x_wconf 90' lang='lat' dir='ltr'>quidem</span> <span class='ocrx_word' id='word_1_246' title='bbox 1245 3574 1325 3648; x_wconf 87' lang='lat' dir='ltr'>queri</span> <span class='ocrx_word' id='word_1_247' title='bbox 1340 3583 1377 3639; x_wconf 86' lang='lat'>10</span> 
     </span>
     <span class='ocr_line' id='line_1_30' title="bbox 222 3680 1325 3757; baseline 0.002 -21"><span class='ocrx_word' id='word_1_248' title='bbox 222 3683 227 3692; x_wconf 87' lang='lat'>&#39;</span> <span class='ocrx_word' id='word_1_249' title='bbox 293 3689 398 3749; x_wconf 63' lang='lat' dir='ltr'>manat,</span> <span class='ocrx_word' id='word_1_250' title='bbox 421 3700 475 3739; x_wconf 92' lang='lat' dir='ltr'>nos</span> <span class='ocrx_word' id='word_1_251' title='bbox 496 3683 651 3757; x_wconf 74' lang='lat' dir='ltr'>peniteat?</span> <span class='ocrx_word' id='word_1_252' title='bbox 683 3684 723 3740; x_wconf 91' lang='lat' dir='ltr'>Hi</span> <span class='ocrx_word' id='word_1_253' title='bbox 744 3682 884 3751; x_wconf 82' lang='lat' dir='ltr'>homines,</span> <span class='ocrx_word' id='word_1_254' title='bbox 906 3700 993 3755; x_wconf 91' lang='lat' dir='ltr'>quum</span> <span class='ocrx_word' id='word_1_255' title='bbox 1016 3698 1069 3755; x_wconf 90' lang='lat' dir='ltr'>pro</span> <span class='ocrx_word' id='word_1_256' title='bbox 1090 3680 1125 3736; x_wconf 92' lang='lat' dir='ltr'>iis</span> <span class='ocrx_word' id='word_1_257' title='bbox 1147 3680 1251 3737; x_wconf 90' lang='lat' dir='ltr'>bellum</span> <span class='ocrx_word' id='word_1_258' title='bbox 1274 3681 1325 3738; x_wconf 91' lang='lat' dir='ltr'>ad-</span> 
     </span>
     <span class='ocr_line' id='line_1_31' title="bbox 293 3787 1325 3863; baseline 0.002 -21"><span class='ocrx_word' id='word_1_259' title='bbox 293 3795 372 3842; x_wconf 72' lang='lat' dir='ltr'>vertus</span> <span class='ocrx_word' id='word_1_260' title='bbox 397 3787 543 3847; x_wconf 85' lang='lat' dir='ltr'>Samnites</span> <span class='ocrx_word' id='word_1_261' title='bbox 572 3807 625 3862; x_wconf 90' lang='lat' dir='ltr'>per</span> <span class='ocrx_word' id='word_1_262' title='bbox 655 3808 745 3846; x_wconf 90' lang='lat' dir='ltr'>annos</span> <span class='ocrx_word' id='word_1_263' title='bbox 778 3808 870 3863; x_wconf 92' lang='lat' dir='ltr'>prope</span> <span class='ocrx_word' id='word_1_264' title='bbox 901 3787 1084 3863; x_wconf 87' lang='lat' dir='ltr'>septuaginta</span> <span class='ocrx_word' id='word_1_265' title='bbox 1114 3805 1178 3843; x_wconf 90' lang='lat' dir='ltr'>cum</span> <span class='ocrx_word' id='word_1_266' title='bbox 1214 3787 1325 3862; x_wconf 90' lang='lat' dir='ltr'>magnis</span> 
     </span>
     <span class='ocr_line' id='line_1_32' title="bbox 221 3882 1445 3970; baseline 0.002 -22"><span class='ocrx_word' id='word_1_267' title='bbox 221 3938 224 3948; x_wconf 90' lang='lat'>.</span> <span class='ocrx_word' id='word_1_268' title='bbox 294 3894 377 3951; x_wconf 75' lang='lat' dir='ltr'>nsua</span> <span class='ocrx_word' id='word_1_269' title='bbox 407 3895 538 3953; x_wconf 83' lang='lat' dir='ltr'>cladibus</span> <span class='ocrx_word' id='word_1_270' title='bbox 567 3895 771 3970; x_wconf 67' lang='lat' dir='ltr'>gestiremus,</span> <span class='ocrx_word' id='word_1_271' title='bbox 805 3894 886 3969; x_wconf 89' lang='lat' dir='ltr'>ipsos</span> <span class='ocrx_word' id='word_1_272' title='bbox 918 3893 1027 3952; x_wconf 84' lang='lat' dir='ltr'>foedere</span> <span class='ocrx_word' id='word_1_273' title='bbox 1055 3894 1195 3969; x_wconf 76' lang='lat' dir='ltr'>primum,</span> <span class='ocrx_word' id='word_1_274' title='bbox 1224 3895 1326 3951; x_wconf 90' lang='lat' dir='ltr'>deinde</span> <span class='ocrx_word' id='word_1_275' title='bbox 1341 3908 1374 3964; x_wconf 89' lang='lat'>11</span> <span class='ocrx_word' id='word_1_276' title='bbox 1443 3882 1445 3886; x_wconf 51' lang='grc'><strong>’</strong></span> 
     </span>
     <span class='ocr_line' id='line_1_33' title="bbox 295 3999 1325 4077; baseline 0.003 -24"><span class='ocrx_word' id='word_1_277' title='bbox 295 4002 412 4059; x_wconf 81' lang='lat' dir='ltr'>emutio</span> <span class='ocrx_word' id='word_1_278' title='bbox 435 4012 524 4076; x_wconf 85' lang='lat' dir='ltr'>atque</span> <span class='ocrx_word' id='word_1_279' title='bbox 545 4001 773 4075; x_wconf 81' lang='lat' dir='ltr'>cognationibus,</span> <span class='ocrx_word' id='word_1_280' title='bbox 795 4013 942 4077; x_wconf 87' lang='lat' dir='ltr'>postremo</span> <span class='ocrx_word' id='word_1_281' title='bbox 960 4001 1075 4058; x_wconf 86' lang='lat' dir='ltr'>civitate</span> <span class='ocrx_word' id='word_1_282' title='bbox 1090 3999 1172 4057; x_wconf 89' lang='lat' dir='ltr'>nobis</span> <span class='ocrx_word' id='word_1_283' title='bbox 1187 4001 1325 4057; x_wconf 88' lang='lat' dir='ltr'>coniunx-</span> 
     </span>
     <span class='ocr_line' id='line_1_34' title="bbox 295 4098 1376 4184; baseline 0 -22"><span class='ocrx_word' id='word_1_284' title='bbox 295 4098 404 4180; x_wconf 76' lang='lat' dir='ltr'>ittcmus‚</span> <span class='ocrx_word' id='word_1_285' title='bbox 434 4119 565 4184; x_wconf 90' lang='lat' dir='ltr'>tempore</span> <span class='ocrx_word' id='word_1_286' title='bbox 592 4117 691 4164; x_wconf 87' lang='lat' dir='ltr'>nostro</span> <span class='ocrx_word' id='word_1_287' title='bbox 713 4109 836 4166; x_wconf 86' lang='lat' dir='ltr'>adverso</span> <span class='ocrx_word' id='word_1_288' title='bbox 862 4107 948 4184; x_wconf 89' lang='lat' dir='ltr'>primi</span> <span class='ocrx_word' id='word_1_289' title='bbox 969 4107 1095 4164; x_wconf 90' lang='lat' dir='ltr'>omnium</span> <span class='ocrx_word' id='word_1_290' title='bbox 1117 4105 1210 4164; x_wconf 85' lang='lat' dir='ltr'>Italiae</span> <span class='ocrx_word' id='word_1_291' title='bbox 1230 4118 1376 4179; x_wconf 75' lang='lat' dir='ltr'>popu-12</span> 
     </span>
     <span class='ocr_line' id='line_1_35' title="bbox 293 4203 1325 4290; baseline 0.001 -23"><span class='ocrx_word' id='word_1_292' title='bbox 293 4203 373 4284; x_wconf 78' lang='lat' dir='ltr'>bran,</span> <span class='ocrx_word' id='word_1_293' title='bbox 394 4214 529 4290; x_wconf 69' lang='lat' dir='ltr'>prasidio</span> <span class='ocrx_word' id='word_1_294' title='bbox 555 4224 655 4270; x_wconf 90' lang='lat' dir='ltr'>nostro</span> <span class='ocrx_word' id='word_1_295' title='bbox 681 4214 758 4273; x_wconf 83' lang='lat' dir='ltr'>ioede</span> <span class='ocrx_word' id='word_1_296' title='bbox 781 4215 940 4283; x_wconf 76' lang='lat' dir='ltr'>interfecto,</span> <span class='ocrx_word' id='word_1_297' title='bbox 969 4214 1007 4270; x_wconf 91' lang='lat' dir='ltr'>ad</span> <span class='ocrx_word' id='word_1_298' title='bbox 1031 4212 1223 4270; x_wconf 90' lang='lat' dir='ltr'>Hannibalem</span> <span class='ocrx_word' id='word_1_299' title='bbox 1247 4210 1325 4268; x_wconf 83' lang='lat' dir='ltr'>defe-</span> 
     </span>
     <span class='ocr_line' id='line_1_36' title="bbox 222 4314 1325 4395; baseline 0.002 -21"><span class='ocrx_word' id='word_1_300' title='bbox 222 4314 226 4363; x_wconf 68' lang='grc' dir='ltr'>ἵ</span> <span class='ocrx_word' id='word_1_301' title='bbox 293 4329 382 4390; x_wconf 74' lang='lat' dir='ltr'>tuant3</span> <span class='ocrx_word' id='word_1_302' title='bbox 407 4321 511 4378; x_wconf 89' lang='lat' dir='ltr'>deinde</span> <span class='ocrx_word' id='word_1_303' title='bbox 537 4318 678 4395; x_wconf 87' lang='lat' dir='ltr'>indignati</span> <span class='ocrx_word' id='word_1_304' title='bbox 706 4338 737 4378; x_wconf 89' lang='lat' dir='ltr'>se</span> <span class='ocrx_word' id='word_1_305' title='bbox 765 4319 891 4377; x_wconf 89' lang='lat' dir='ltr'>obsideri</span> <span class='ocrx_word' id='word_1_306' title='bbox 912 4340 931 4378; x_wconf 95' lang='lat' dir='ltr'>a</span> <span class='ocrx_word' id='word_1_307' title='bbox 951 4321 1044 4392; x_wconf 88' lang='lat' dir='ltr'>uobis,</span> <span class='ocrx_word' id='word_1_308' title='bbox 1070 4318 1264 4378; x_wconf 85' lang='lat' dir='ltr'>Hannibalem</span> <span class='ocrx_word' id='word_1_309' title='bbox 1287 4319 1325 4376; x_wconf 85' lang='lat' dir='ltr'>ad</span> 
     </span>
    </p>
   </div>
   <div class='ocr_carea' id='block_1_3' title="bbox 0 0 1775 5025">
    <p class='ocr_par' dir='ltr' id='par_1_3' title="bbox 0 0 1775 5025">
     <span class='ocr_line' id='line_1_37' title="bbox 0 0 1775 5025; baseline 0 0"><span class='ocrx_word' id='word_1_310' title='bbox 0 0 1775 5025; x_wconf 95' lang='lat' dir='ltr'> </span> 
     </span>
    </p>
   </div>
  </div>
 </body>
</html>
