3484 5025
489 530 546 583 144
704 523 782 574 Liber
794 521 921 576 XXXIV.
958 522 1071 585 (mc.
1081 524 1155 587 559.)

403 710 563 768 libertatem
587 718 615 765 et
639 708 739 765 eodem
766 716 853 777 statu,
883 726 941 782 quo
970 716 1081 766 ceteras
1102 711 1187 767 urbes
1209 710 1402 786 Peloponnesi
1422 722 1446 770 st

355 818 390 874 tt
403 814 533 883 Graecia,
556 833 627 876 asse.
675 816 748 872 Haec
768 814 955 883 consultatio,
981 824 1013 870 ut
1032 814 1151 884 videtis,
1177 824 1241 874 tota
1261 815 1300 874 de
1319 833 1351 872 re
1370 815 1445 890 peri·

402 932 487 979 uente
501 922 540 1018 ad
553 940 606 979 voa
620 932 676 991 est3
696 922 844 978 Romanos
859 918 930 976 nihil
943 918 1089 993 contingit,
1104 920 1159 977 nisi
1174 929 1318 995 quatenus
1331 920 1447 982 liberat·

402 1026 524 1086 Graecia
555 1027 637 1084 unius
669 1026 793 1085 civitatis
824 1023 947 1081 servitus
982 1041 1041 1079 non
1076 1024 1192 1098 planam
1227 1044 1282 1085 uec
1315 1027 1445 1103 integrm

353 1142 388 1198 13
401 1132 523 1209 gloriam
552 1151 616 1190 esse
643 1132 718 1194 sinit.
765 1130 898 1188 Ceterum
927 1129 952 1187 ai
981 1148 1034 1187 voa
1063 1148 1116 1188 nec
1144 1149 1216 1189 cura
1242 1132 1306 1190 cius
1333 1132 1446 1192 civiutis

401 1258 454 1297 nec
474 1233 637 1314 exemplum
659 1257 713 1295 nec
734 1237 891 1313 periculum
913 1243 1019 1305 movet,
1040 1255 1076 1293 ne
1097 1248 1196 1313 serpat
1213 1236 1301 1297 latius
1321 1240 1444 1316 contagio

402 1345 462 1402 eius
484 1345 562 1415 mali,
583 1335 636 1401 nos
657 1345 732 1419 aequi
753 1343 878 1416 bonique
898 1340 1030 1401 facimus.
1067 1343 1115 1399 De
1129 1344 1185 1400 hac
1205 1360 1238 1400 re
1258 1361 1314 1401 vos
1328 1344 1444 1416 consulu,

306 1453 351 1523 23
401 1459 527 1508 staturus
549 1470 593 1522 eo,
615 1451 692 1526 qnod
714 1450 810 1525 pluras
831 1449 1024 1508 censueritis.“
1062 1449 1135 1506 Post
1152 1450 1314 1508 orationem
1332 1448 1445 1508 Romatti

370 1556 581 1632 2imperatoris
610 1556 769 1633 percenseri
796 1555 917 1611 aliorum
940 1554 1086 1612 sententiaa
1107 1565 1208 1631 coeptar
1233 1566 1312 1615 sunt.
1359 1556 1443 1632 Qun·

399 1662 511 1738 legatus
530 1663 758 1732 Atheniensium,
779 1670 917 1737 quantum
937 1670 1060 1736 poterat,
1080 1662 1181 1736 gratiis
1204 1662 1324 1739 agendis
1346 1665 1443 1722 Roma

399 1786 501 1824 norum
537 1768 566 1825 iu
598 1768 742 1828 Graeciam
778 1766 883 1823 merita'
914 1766 1075 1837 extulisset,
1111 1767 1282 1843 imploratos
1314 1769 1442 1828 adversm

372 1872 566 1949 3Philippum
588 1875 686 1932 tulisse
708 1891 802 1948 opem,
823 1890 882 1928 nou
901 1882 1021 1947 rogatos
1042 1873 1118 1930 ultro
1139 1874 1280 1933 adversus
1299 1884 1441 1951 tyranno·

400 1979 506 2036 Nabim
522 1979 626 2038 offerre
647 1978 795 2048 auxilium,
816 1977 1038 2053 indignatusque
1060 1989 1144 2048 esset,
1165 1982 1226 2038 haec
1246 1990 1331 2038 tauta
1352 1981 1447 2046 mer'fl'

369 2087 576 2152 asermonibus
591 2096 687 2144 tamen
702 2084 862 2158 aliquorum
880 2084 967 2159 carpi,
984 2083 1081 2141 futura
1095 2085 1342 2159 calumniantium,
1364 2105 1438 2163 quun

397 2188 481 2248 fateri
502 2193 597 2267 potius
618 2192 825 2268 praeteritorum
847 2190 970 2265 gratiam
993 2190 1143 2261 deberent,
1165 2193 1330 2267 apparebat
1349 2193 1439 2252 inosn'

367 2296 523 2363 5AEtolos.
565 2297 658 2373 Igitur
678 2297 855 2365 Alexander,
884 2296 1016 2371 princeps
1044 2298 1146 2372 gentis,
1175 2298 1306 2357 invectus
1328 2300 1438 2374 primun
1469 2339 1472 2344 -

395 2401 425 2459 in
447 2403 652 2473 Athenienses,
679 2402 819 2459 libertatis
848 2402 992 2476 quondam
1015 2402 1102 2459 duces
1123 2412 1152 2459 et
1173 2412 1322 2475 auctores,
1350 2422 1438 2462 masu-

368 2508 513 2579 6tationis
534 2511 658 2586 propria
679 2509 773 2585 gratia
794 2526 973 2566 communem
998 2526 1115 2566 causam
1137 2511 1308 2585 prodentes,
1337 2520 1446 2586 questus

397 2615 499 2672 deinde
521 2617 661 2685 Achaeos,
683 2615 809 2690 Philippi
832 2614 977 2689 quondam
1000 2613 1112 2685 milites,
1141 2617 1179 2672 ad
1200 2616 1414 2691 postremum,i

397 2721 502 2778 clinatu
524 2721 640 2778 fortuna
661 2721 737 2790 eius,
763 2719 943 2795 transfugas,
965 2729 994 2776 et
1015 2718 1182 2779 Corinthum
1207 2721 1352 2797 recepisse
1371 2730 1399 2780 et
1416 2720 1449 2779 id

367 2841 497 2902 7agere,
526 2835 559 2883 ut
586 2830 684 2902 Argoa
713 2827 853 2896 habeant,
883 2825 1016 2895 AEtolos,
1047 2826 1156 2900 primos
1187 2828 1285 2884 hostes
1314 2826 1449 2905 Philippi,

396 2950 510 3008 semper
541 2934 635 2990 socios
666 2934 897 3001 Romanorum,
916 2940 1017 3005 pactos
1052 2931 1081 2987 in
1116 2931 1234 3004 foedere,
1269 2950 1339 2990 snas
1365 2933 1449 2991 urbes

397 3056 540 3113 agrosque
562 3038 625 3096 fore
646 3038 758 3094 devicto
779 3037 931 3112 Philippo,
960 3033 1090 3092 fraudari
1110 3037 1222 3095 Echino
1248 3048 1277 3095 et
1298 3036 1451 3103 Pharsalo,

365 3143 571 3206 8insimulavit
584 3143 695 3201 fraudis
710 3145 867 3211 Romanos,
889 3141 976 3216 quod,
997 3160 1073 3199 vano
1088 3143 1169 3200 titulo
1190 3145 1334 3202 libertatis
1355 3153 1448 3201 osten·

395 3258 466 3320 tato,
481 3248 646 3308 Chalcidem
662 3258 690 3307 et
703 3247 919 3306 Demetriadem
934 3246 1073 3322 praesidiis
1090 3258 1226 3320 tenerent,
1242 3248 1292 3322 qui
1305 3249 1448 3324 Philippu,

395 3354 539 3411 cunctanti
568 3355 708 3413 deducere
729 3355 795 3411 inde
821 3353 969 3428 praesidia,
997 3351 1123 3410 obiicere
1149 3372 1263 3430 semper
1286 3355 1363 3412 soliti
1382 3354 1446 3419 siut

363 3467 552 3535 9nunquam,
574 3462 665 3519 donec
679 3459 843 3518 Demetrias
859 3457 1031 3532 Chalcisque
1052 3469 1081 3515 et
1101 3458 1256 3517 Corinthus
1277 3471 1447 3523 tenerentur,

345 3567 514 3629 loliberam
543 3566 687 3626 Graeciam
718 3565 795 3635 fore,
829 3575 975 3639 postremo
1005 3565 1074 3639 quia
1106 3566 1240 3624 manandi
1275 3566 1305 3623 in
1332 3561 1445 3626 Gracia

393 3672 590 3746 retinendique
631 3671 772 3730 exercitus
809 3672 907 3745 Argos
951 3679 979 3727 et
1013 3671 1122 3728 Nabim
1158 3689 1276 3728 causam
1310 3670 1444 3728 iacerent.

347 3786 378 3840 ll
393 3779 590 3853 Deportarent
610 3778 737 3852 legiones
757 3776 787 3833 iu
808 3775 938 3845 Italiam3
966 3777 1084 3833 AEtolos
1105 3777 1247 3852 polliceri,
1277 3785 1327 3834 aut
1347 3768 1444 3833 condi·

393 3883 524 3940 ciouibus
545 3894 573 3940 et
594 3884 741 3940 voluntate
763 3900 816 3938 sua
831 3881 939 3937 Nabim
961 3882 1124 3955 presidium
1141 3882 1229 3958 Argis
1251 3882 1445 3939 deducturum

394 4000 444 4047 aut
465 3990 493 4046 vi
514 3999 601 4064 atque
621 3989 708 4045 armis
730 3997 881 4046 coacturos
902 3987 932 4043 iu
953 3997 1096 4061 potestate
1111 3987 1312 4044 consentientis
1327 3981 1444 4044 Gracia

300 4095 343 4164 24
394 4115 465 4153 esse.
502 4096 574 4152 Haec
596 4093 811 4167 vaniloquentia
828 4092 1141 4167 primumAristaenum
1157 4104 1308 4169 praetorem
1323 4091 1444 4149 Aehao·

363 4208 455 4266 2rum
479 4201 625 4260 excitavit.
672 4199 737 4268 „Ne
758 4197 849 4256 istuc“
871 4197 964 4271 inquit
988 4199 1137 4274 „luppiter
1157 4202 1282 4276 optimus
1304 4196 1445 4255 maximio

393 4308 456 4366 sirit
476 4309 608 4382 Iunoque
629 4305 743 4379 regina,
768 4303 847 4361 cuius
868 4305 897 4360 in
919 4303 1009 4360 tutela
1029 4303 1104 4378 Argi
1125 4312 1200 4375 sunt,
1222 4301 1324 4360 utillo
1345 4299 1445 4358 civiut
1490 4328 1492 4335 ·
