3484 5025
472 514 509 568 72
683 511 762 561 Liber
778 511 895 565 XXXII.
934 515 983 577 (Α.
996 528 1022 565 n.
1036 528 1059 565 c.
1074 513 1236 575 556-567.)

396 696 413 751 2
512 696 624 753 Eadem
640 705 740 753 testate
754 698 866 771 equites
889 697 1003 755 ducenti
1026 706 1055 755 et
1076 698 1221 772 elephanti
1243 697 1344 755 decem
1359 704 1389 753 et
1409 696 1489 755 tritici

429 802 556 859 modium
585 802 709 859 ducenta
736 803 827 860 millia
854 804 893 860 ab
914 821 983 879 rege
1005 802 1163 860 Masinissa
1185 801 1223 858 ad
1245 802 1420 871 exereitum,
1444 801 1489 876 qni

427 909 456 964 in
485 908 602 965 Gracia
634 916 713 977 erat,
743 918 946 983 pervenerunt.
1003 910 1077 965 Item
1107 925 1144 964 ex
1173 906 1273 964 Sicilia
1302 906 1490 981 Sardiniaque

398 1010 527 1089 3magni
561 1021 740 1071 commeatus
773 1023 802 1068 et
833 1014 1007 1071 vestimenta
1039 1012 1177 1070 exercitui
1210 1012 1308 1070 missa.
1364 1011 1489 1071 Siciliam

429 1121 470 1176 M.
494 1120 661 1187 Marcellus,
694 1116 859 1176 Sardiniam
883 1121 925 1180 M.
947 1120 1070 1177 Porcius
1096 1117 1171 1176 Cato
1194 1117 1354 1188 obtinebat,
1378 1126 1490 1176 sanctm

398 1226 458 1281 tet
478 1225 630 1295 innocens,
653 1224 785 1299 asperior
806 1232 904 1279 tamen
925 1222 955 1279 in
976 1223 1077 1280 fenore
1099 1223 1259 1281 coercendo
1283 1222 1418 1295 habitus3
1450 1222 1491 1281 fn·

427 1331 547 1405 gatique
577 1349 614 1386 ex
645 1328 739 1385 insula
767 1328 947 1385 feneratores
974 1337 1003 1385 et
1029 1337 1177 1404 sumptus,
1222 1347 1296 1403 quos
1327 1329 1360 1385 in
1388 1329 1514 1394 cultum,

428 1444 585 1510 praetorum
608 1434 680 1492 socii
700 1433 797 1490 facere
820 1433 897 1490 soliti
921 1442 1012 1502 erant,
1034 1433 1196 1492 circumcisi
1218 1443 1269 1491 aut
1286 1434 1406 1493 sublati.

398 1540 414 1591 5
512 1540 581 1599 Sex.
603 1539 701 1597 AElius
732 1538 834 1594 consul
854 1557 891 1594 ex
913 1538 1014 1596 Gallia
1042 1539 1224 1596 comitiorum
1258 1558 1351 1597 causa
1371 1542 1488 1599 Romen

429 1663 517 1719 quum
549 1645 688 1713 redisset,
721 1643 831 1700 creavit
858 1643 990 1699 consules
1022 1642 1056 1702 C.
1081 1642 1247 1701 Cornelium
1274 1643 1439 1721 Cethegum
1465 1654 1489 1701 et

398 1748 466 1821 tQ.
489 1749 649 1807 Minucium
671 1748 789 1808 Ruhrm.
839 1748 936 1805 Biduo
958 1759 1025 1823 post
1046 1758 1201 1823 praetorum
1234 1750 1353 1807 comitia
1381 1751 1489 1817 habitat

428 1872 481 1910 sex
502 1863 640 1928 pratores
672 1855 721 1911 illo
752 1873 828 1910 anno
850 1854 974 1927 primum
998 1854 1103 1921 creati,
1132 1854 1327 1913 crescentibus
1347 1856 1406 1913 iam
1428 1874 1489 1932 pro·

398 1959 530 2016 irinciis
552 1969 581 2016 et
601 1959 687 2016 latius
709 1967 875 2033 patescente
894 1956 1032 2032 imperi03
1053 1959 1143 2014 creati
1164 1967 1260 2016 autem
1283 1961 1328 2019 hi:
1350 1962 1389 2021 L.
1411 1962 1488 2020 Man·

428 2066 483 2122 lius
504 2066 617 2135 Vulso,
648 2062 682 2124 C.
706 2063 902 2137 Sempronius·
925 2061 1106 2131 Tuditanus,
1137 2064 1178 2119 M.
1200 2063 1320 2139 Sergius
1343 2066 1431 2139 Silus,
1451 2066 1487 2128 M.

430 2170 562 2238 Helvius,
585 2170 626 2225 M.
649 2169 794 2227 Minucius
815 2165 920 2236 Rufus,
951 2168 985 2222 L.
1009 2167 1131 2237 Atilins3
1154 2168 1344 2245 Sempronius
1372 2182 1402 2229 et
1422 2171 1485 2229 Hel·

399 2274 494 2330 8vius
527 2294 563 2331 ex
593 2274 628 2331 iis
660 2274 756 2331 aediles
779 2274 872 2348 plebis
905 2283 999 2339 erant3
1028 2274 1141 2329 curules
1171 2274 1267 2331 aediles
1290 2276 1327 2348 Q.
1351 2277 1486 2335 Minucius

429 2381 574 2437 Thermus
598 2389 627 2436 et
648 2380 695 2437 Ti.
720 2378 909 2453 Sempronius
928 2378 1057 2452 Longus.
1105 2378 1180 2435 Itudi
1202 2380 1338 2438 Romano
1361 2400 1397 2439 eo
1418 2399 1486 2439 anno

430 2494 533 2558 qnater
553 2485 716 2542 instaurati.

332 2582 378 2650 28
513 2589 547 2648 O.
571 2590 707 2648 Cornelio
738 2603 765 2646 et
796 2589 833 2661 Q.
856 2589 984 2646 Minucio
1017 2589 1182 2646 consulibus
1213 2591 1342 2647 omnium
1370 2593 1484 2667 primum

235 2664 341 2784 {⁸5⁰0ss
355 2673 414 2787 ῗξξ
428 2695 463 2750 de
486 2696 641 2769 provinciis
664 2694 812 2750 consulum
834 2703 1050 2768 praetorumque
1072 2703 1176 2752 aetum.
1225 2696 1312 2753 Prius
1335 2696 1371 2752 de
1391 2705 1484 2772 prato·

274 2772 280 2787 ⁶
337 2777 343 2792 ⁹
407 2779 506 2856 'ribus
530 2809 679 2857 transacta
701 2819 756 2869 res,
779 2818 844 2874 quae
865 2800 987 2874 transigi
1009 2810 1087 2857 sorte
1108 2809 1232 2875 poterat.
1278 2802 1403 2860 Urbana
1426 2801 1485 2860 Ser·

426 2905 490 2980 gio,
519 2906 672 2980 peregrina
700 2905 858 2962 iurisdictio
888 2905 1016 2961 Minucio
1040 2905 1156 2978 obtigit,
1184 2903 1351 2963 Sardiniam
1377 2907 1484 2972 Atilius,

425 3010 553 3068 Siciliam
585 3010 728 3078 Manlius,
757 3009 918 3084 Hispanias
948 3009 1137 3084 Sempronius
1168 3009 1341 3080 citeriorem,
1370 3010 1483 3069 Helvius

394 3114 588 3171 3ulteriorem
625 3124 669 3172 est
699 3115 825 3171 sortitus.
875 3112 1051 3171 Consulibus
1082 3115 1198 3171 Italiam
1230 3116 1484 3191 Macedoniamque

424 3220 520 3277 sortiri
546 3221 716 3295 parantibus
737 3220 773 3277 L.
796 3217 911 3293 Oppius
933 3205 962 3275 et
993 3219 1028 3292 Q.
1052 3219 1174 3276 Fulvius
1197 3221 1305 3277 tribuni
1327 3223 1421 3297 plebis
1438 3222 1483 3278 im·

423 3327 588 3400 pedimento
611 3334 709 3393 erant,
740 3324 818 3398 quod
846 3322 1006 3399 longinqua
1031 3325 1182 3399 provincia
1210 3326 1388 3385 Macedonia
1408 3337 1483 3393 esset,

392 3432 516 3505 lneque
537 3431 596 3487 ulla
619 3430 677 3486 alia
700 3448 746 3486 res
779 3428 870 3485 maius
901 3429 977 3485 bello
1006 3430 1242 3504 impedimentum
1267 3432 1305 3487 ad
1328 3450 1393 3489 eam
1416 3433 1482 3489 diem

422 3536 541 3605 fuisset,
574 3554 663 3608 quam
688 3536 776 3609 quod,
805 3534 925 3589 vixdum
955 3534 1100 3591 inchoatis
1125 3538 1221 3605 rebus,
1243 3535 1361 3611 inipso
1385 3545 1483 3596 conato

311 3651 314 3656 ·
392 3640 542 3714 5gerendi
565 3640 632 3696 belli
659 3640 739 3714 prior
761 3639 862 3695 consul
883 3649 1078 3696 revocaret-ur.
1125 3640 1267 3712 Quartum
1298 3641 1357 3699 iam
1384 3661 1481 3701 annum

422 3764 485 3802 esse
508 3747 544 3803 ab
567 3746 683 3803 decreto
709 3743 899 3800 Macedonico
923 3744 1008 3806 bello.
1057 3744 1219 3816 Quaerendo
1250 3764 1351 3820 regem
1380 3758 1409 3804 et
1437 3766 1483 3805 ex·

422 3851 541 3906 ercitum
576 3851 637 3907 eius
670 3849 828 3924 Sulpicium
861 3850 1001 3906 maiorem
1035 3858 1148 3925 partem
1181 3850 1250 3906 anui
1284 3853 1483 3928 absumpsisse.

391 3955 541 4012 iiVillium
565 3955 798 4029 congredientem
815 3973 879 4011 cum
896 3957 978 4012 hoste
993 3954 1100 4012 infecta
1121 3974 1154 4012 re
1168 3965 1349 4013 revocatum.
1383 3958 1482 4031 Quinc-

422 4059 492 4116 tium
517 4062 605 4142 rebns
627 4059 732 4116 divinis
756 4060 857 4116 Romae
883 4061 1021 4118 maiorem
1044 4069 1158 4135 partem
1181 4061 1249 4116 anni
1277 4071 1421 4120 retentum
1446 4063 1483 4120 its

421 4165 546 4239 gessisse
567 4174 665 4221 tamen
687 4182 742 4232 res,
767 4176 807 4233 ut,
830 4166 853 4220 si
877 4175 928 4221 aut
946 4166 1087 4222 maturius
1108 4166 1137 4221 in
1159 4166 1341 4240 provinciam
1363 4168 1485 4226 vaniora

390 4271 471 4327 laut
493 4269 585 4325 hiems
607 4270 701 4342 magis
723 4287 788 4324 sera
809 4270 920 4340 fuisset,
942 4271 1068 4345 potuerit
1089 4271 1247 4338 debellare;
1275 4291 1352 4330 nunc
1374 4288 1486 4348 quoque
