3484 5025
470 564 525 618 146
726 559 803 608 Liber
822 558 948 608 XXXIV.
979 560 1025 622 (Δ.
1036 573 1060 607 u.
1074 575 1095 608 c.
1111 559 1181 623 bis.)

423 745 534 821 primo,
567 744 628 799 iure
657 746 779 804 iurando
803 748 983 823 interposito,
1013 748 1050 805 da
1070 746 1204 822 praesidio
1226 742 1400 820 expellendo
1419 761 1477 800 cum

423 850 534 907 idoneis
573 850 749 919 collocutus,
786 852 852 909 dum
887 853 964 910 vires
1001 852 1125 910 adiicere
1158 848 1353 909 coniurationi
1382 846 1481 916 studet,

394 955 566 1013 Sincautior
593 956 660 1013 fidei
692 957 849 1014 aestimator
880 956 942 1013 fuit.
991 956 1211 1031 Colloquentsm
1242 975 1310 1014 eum
1338 972 1403 1012 cum
1431 950 1482 1010 suis

424 1061 540 1118 satelles
562 1081 580 1118 a
601 1062 737 1137 prefecto
761 1062 863 1118 missus
886 1080 973 1136 quum
1005 1072 1180 1133 accerseret,
1212 1062 1318 1131 sensit,
1346 1058 1481 1135 proditum

425 1166 574 1224 consilium
588 1185 661 1239 esse,
678 1169 868 1242 hortatusque
880 1176 919 1224 est
937 1167 1113 1238 coniuratos,
1136 1167 1185 1242 qui
1198 1166 1332 1237 aderent,
1343 1174 1376 1224 ut
1385 1163 1482 1240 potius,

394 1275 512 1346 liquam
527 1273 633 1330 extorti
653 1282 841 1344 morerentur,
857 1291 939 1330 arma
956 1291 1053 1331 secum
1070 1281 1214 1347 caperent.
1249 1272 1351 1346 Atque
1370 1270 1414 1328 ita
1425 1287 1481 1328 eum

424 1378 525 1451 paucis
535 1378 565 1434 in
575 1378 671 1435 forum
684 1378 778 1454 pergit
790 1377 841 1449 ire,
852 1379 1012 1448 clamitans,
1021 1388 1063 1448 ut,
1077 1376 1127 1451 qni
1137 1376 1250 1433 selvam
1266 1394 1328 1434 rem
1344 1374 1480 1452 publicet·

376 1490 411 1542 10
425 1483 539 1553 vellent,
569 1494 716 1542 auctorem
752 1494 781 1541 et
805 1485 906 1541 ducem
937 1502 969 1541 se
991 1482 1133 1542 libertatis
1152 1490 1352 1556 sequerentur.
1402 1479 1481 1540 Haud

425 1605 496 1646 sane
526 1587 616 1646 movit
649 1608 841 1664 quemquam,
871 1589 939 1663 quia
967 1587 1038 1645 nihil
1067 1607 1189 1663 usquam
1218 1587 1280 1663 spei
1310 1586 1480 1663 propinqua

376 1704 405 1756 ll
425 1695 531 1752 nedum
553 1694 623 1749 satis
645 1694 720 1750 firmi
742 1695 868 1770 presidii
890 1695 1056 1751 cernebant.
1098 1694 1171 1751 Haec
1193 1691 1404 1750 vociferantem
1424 1709 1478 1750 eun

425 1797 637 1856 Lacedaemonii
652 1798 878 1856 circumventum
898 1818 962 1857 cum
980 1800 1039 1857 suis
1057 1797 1270 1856 interfecerunt.
1316 1794 1479 1873 Compresu’

375 1914 408 1968 12
423 1903 526 1962 deinde
538 1904 654 1979 quidam
666 1905 762 1963 etalii.
784 1906 832 1968 Ex
842 1905 877 1962 iis
890 1906 977 1963 occisi
989 1905 1095 1981 plures,
1106 1904 1193 1980 pauci
1204 1903 1233 1960 in
1245 1902 1410 1961 custodiam
1420 1919 1478 1962 conv

421 2010 501 2080 iecti3
511 2013 592 2068 malti
598 2010 825 2087 proximanoete
835 2011 952 2069 funibus
964 2031 1016 2088 per
1029 2029 1141 2069 murum
1150 2008 1277 2079 demissi,
1290 2010 1329 2067 ad
1338 2011 1477 2068 Romnum

329 2123 373 2190 2ss
423 2116 618 2193 perfugsrunt.
667 2115 827 2189 Quinctius,
849 2115 1061 2174 affirmantibus
1073 2116 1118 2187 iis,
1140 2116 1163 2172 si
1180 2115 1216 2171 ad
1228 2124 1330 2191 portas
1346 2113 1476 2174 examii!

423 2224 572 2281 Romanus
594 2223 705 2294 fuisset,
728 2241 786 2279 non
812 2222 874 2279 sine
896 2221 998 2280 effectu
1014 2222 1143 2279 futurum
1166 2239 1230 2278 eum
1253 2230 1365 2279 motum
1390 2221 1476 2290 frisa

392 2341 408 2394 2
422 2337 460 2399 et,
474 2329 501 2385 si
515 2329 635 2405 propius
651 2338 748 2387 castra
764 2329 996 2400 admoverentur,
1017 2346 1076 2384 non
1092 2326 1239 2402 quieturos
1256 2326 1398 2403 Argivos,
1412 2325 1476 2386 misit
1491 2331 1514 2382 ἰ

423 2435 573 2512 expeditos
596 2436 706 2511 pedites
729 2435 912 2511 equitesque,
935 2434 984 2509 qui
1004 2433 1080 2491 eirca
1100 2432 1267 2508 Cylarabim
1292 2433 1474 2511 (gymnasium
1509 2389 1514 2486 l

1506 2499 1514 2565 i

391 2543 450 2607 eid
481 2550 525 2599 est
550 2543 643 2598 minus
676 2551 820 2600 trecentos
849 2559 953 2616 passus
984 2540 1022 2597 ab
1052 2539 1135 2613 urbe)
1171 2558 1236 2596 cum
1269 2541 1474 2618 erumpentibus

422 2668 441 2705 a
461 2657 547 2725 porta
572 2647 797 2705 Lacedaemoniis
827 2646 960 2722 proelium
984 2644 1188 2703 commiserunt
1217 2654 1307 2719 atque
1339 2666 1391 2705 eos
1408 2644 1474 2705 herl

422 2773 529 2829 magno
543 2753 699 2811 certamine
715 2753 915 2828 compulerunt
928 2753 957 2809 in
979 2753 1096 2820 urbem3
1118 2758 1148 2808 et
1169 2757 1265 2807 castra
1279 2768 1315 2807 eo
1330 2750 1397 2827 ipso
1410 2751 1474 2821 locu,
1492 2734 1505 2747 Ἰ

391 2859 471 2918 lubi
496 2868 654 2935 pugnatum
685 2868 766 2929 erat,
797 2859 957 2935 imperator
978 2860 1128 2916 Romanus
1157 2855 1263 2930 posuit.
1309 2857 1399 2916 Diem
1418 2856 1475 2915 ul·
1493 2834 1514 2975 Ἰ·

422 2984 508 3023 unum
534 2964 564 3020 in
586 2965 709 3039 speculis
731 2964 794 3036 fnit,
816 2964 840 3020 si
863 2963 930 3037 quid
954 2962 1021 3020 novi
1044 2970 1139 3019 motus
1161 2969 1306 3031 oreretur;
1327 2972 1473 3039 postqum
1511 2982 1514 3039 ξ

421 3089 591 3149 oppressam
605 3079 682 3128 metu
693 3071 837 3128 civitatem
846 3067 927 3138 vidit,
940 3068 1065 3124 advocat
1073 3067 1223 3124 eonsilium
1233 3067 1268 3126 de
1280 3065 1473 3145 oppugnand‘u
1493 3042 1514 3119 'i

391 3178 520 3254 surgis.
568 3177 704 3236 Omnium
729 3175 891 3251 principum
912 3173 1034 3232 Graeciae
1055 3181 1159 3247 praeter
1181 3173 1359 3231 Aristaenum
1383 3172 1473 3231 eaden
1509 3140 1514 3199 l

419 3284 561 3343 sententia
575 3292 646 3353 erat,
670 3300 755 3357 quum
773 3299 861 3337 causa
884 3279 951 3336 belli
966 3297 1024 3335 non
1039 3278 1098 3336 alia
1110 3286 1195 3349 esset,
1217 3279 1285 3336 inde
1300 3278 1471 3355 potissimas

390 3399 406 3448 b*
420 3391 589 3447 ordiendum
598 3389 711 3447 bellum.
734 3386 869 3460 Quinctio
881 3385 910 3441 id
919 3402 1102 3458 nequaquam
1114 3384 1258 3459 placebat,
1270 3393 1299 3442 et
1305 3385 1471 3444 Aristaenum

419 3505 521 3552 contra
536 3494 664 3552 omnium
687 3495 858 3550 consensum
884 3489 1069 3546 disserentem
1093 3509 1157 3546 cum
1181 3491 1259 3547 haud
1273 3489 1470 3568 dubiaappm·

390 3599 538 3661 ibatioue
559 3600 685 3669 audivit3
717 3608 745 3656 et
771 3599 833 3674 ipse
855 3598 971 3655 adiecit:
999 3615 1086 3671 quum
1116 3615 1171 3672 pro
1192 3595 1314 3671 Argivis
1342 3597 1469 3655 adversus

419 3714 571 3779 tyrannum
594 3706 698 3764 bellum
731 3714 895 3780 susceptum
917 3704 969 3774 sit,
1001 3702 1069 3778 quid
1105 3701 1198 3758 minus
1220 3703 1395 3762 conveniens
1415 3719 1468 3761 esst

387 3820 521 3884 squam,
550 3810 657 3869 omisso
678 3813 775 3880 hoste,
804 3811 903 3886 Argos
926 3805 1110 3885 oppugnari?
1141 3825 1172 3864 se
1197 3826 1267 3864 vero
1297 3820 1387 3886 caput
1411 3805 1466 3869 bell

417 3916 654 3974 Lacedaemonem
686 3927 715 3973 et
746 3926 900 3992 tyrannum
930 3916 1095 3991 petiturum.
1144 3914 1183 3970 Et
1211 3913 1331 3972 dimisso
1360 3912 1464 3974 consulit

416 4019 620 4079 frumentatum
660 4021 809 4097 expeditas
847 4021 981 4078 cohortes
1014 4020 1099 4077 misit.
1158 4018 1246 4092 Quod
1278 4020 1384 4079 maturi
1414 4024 1463 4079 eru

416 4125 509 4197 circe,
539 4127 700 4185 demessum
729 4136 758 4184 et
788 4133 958 4184 convectum
991 4132 1047 4194 est;
1079 4125 1185 4195 viride,
1216 4144 1252 4183 ne
1283 4127 1381 4185 hostes
1406 4138 1461 4183 mox

386 4232 570 4302 9haberent,
593 4232 745 4307 protritum
768 4240 797 4288 et
820 4239 997 4306 corruptum.
1045 4227 1150 4287 Castra
1181 4229 1284 4288 deinde
1313 4228 1460 4299 movit,st

417 4337 577 4395 Parthenio
592 4347 728 4413 superato
743 4346 841 4393 monte
854 4345 959 4411 praeter
974 4337 1112 4411 Tegeam,
1134 4335 1218 4392 tertio
1240 4335 1288 4393 die
1312 4338 1350 4394 ad
1364 4333 1458 4409 Carya!
