3484 5025
526 535 605 587 Liber
616 531 778 597 XXXVIII,
805 537 852 599 (A.
867 534 927 586 chr.
946 543 1016 600 isc.)
1202 545 1258 602 1¹5

271 738 396 794 aquam,
417 720 461 777 ita
470 718 581 777 lamam
593 721 671 795 apud
686 721 806 779 Graecos
827 741 928 797 parem
951 722 993 780 illi
1014 724 1140 799 autiquae
1163 726 1315 812 obtinent„

270 844 296 882 m
330 833 397 901 qua'
421 834 579 899 venerunt,
609 826 734 902 bellique
762 827 884 902 gloriam
919 828 1043 886 victores
1076 833 1195 889 eandem
1226 833 1352 897 interit

270 931 330 990 cios
359 909 520 1001 habebitis,
547 951 633 1005 quam
661 933 687 990 si
712 944 861 991 servantes
890 934 1039 1009 antiquum
1067 937 1211 1011 specimen
1237 939 1298 996 ani-

270 1025 348 1095 ›r'um
372 1036 479 1097 Gallos
500 1038 669 1097 vicissetis.“

317 1141 463 1201 Contione
485 1144 612 1215 dimissa,
636 1146 789 1220 missisque
811 1146 848 1201 od
869 1146 1090 1221 Eposognatum
1112 1148 1224 1223 legatis,
1249 1150 1298 1224 qui
1354 1139 1394 1210 18

271 1268 307 1306 us
331 1270 369 1307 ex
388 1249 495 1325 regulis
516 1251 594 1307 etin
615 1250 753 1309 Eumenis
776 1263 922 1308 manserat
934 1235 1071 1310 ⁴amicitia
1092 1262 1121 1311 et
1142 1264 1299 1329 negaverat
1403 1323 1409 1336 Ι

270 1356 383 1413 utiocho
413 1357 552 1413 adversus
580 1359 730 1415 Romanos
759 1356 884 1425 auxilia,
913 1367 1009 1414 castra
1038 1360 1137 1422 movit.
1197 1360 1297 1418 Primo
1397 1347 1401 1365 ¹

270 1482 279 1519 e
308 1463 346 1519 ad
377 1464 484 1519 flumen
512 1462 690 1532 Alandrum,
723 1471 840 1536 postero
870 1462 907 1517 ad
934 1463 1044 1534 vicum,
1076 1483 1159 1539 quem
1191 1476 1298 1523 vocant

270 1587 367 1640 rocon,
395 1579 524 1628 ventum.
579 1569 625 1625 Eo
653 1568 743 1642 legati
773 1565 1003 1625 Oroandensium
1035 1589 1123 1645 quum
1152 1547 1327 1628 venissent2

270 1674 389 1732 ricitiam
413 1683 552 1750 petentes,
574 1673 698 1731 ducenta
719 1673 828 1729 talenta
849 1672 885 1729 iis
900 1684 965 1730 sunt
979 1675 1131 1751 imperata,
1152 1678 1296 1752 precauti-
1362 1666 1369 1682 '

270 1781 360 1855 isqhe,
381 1790 414 1837 ut
435 1781 552 1836 domum
574 1779 787 1849 renuntiarent,
808 1777 1045 1853 potestasfaeta.
1093 1782 1210 1839 Ducere
1230 1783 1326 1841 inde3
1382 1771 1384 1775 ἱ

270 1887 391 1943 :ercitum
422 1885 523 1943 consul
553 1885 591 1941 ad
618 1884 796 1955 Plitendum3
829 1884 932 1941 deiude
962 1886 1000 1941 ad
1029 1886 1167 1963 Alyattos
1200 1900 1296 1947 castra

270 1992 338 2049 sita.
385 1993 431 2049 Eo
453 1990 534 2047 missi
555 1991 594 2047 ad
614 1991 835 2067 Eposognatum
858 1990 1017 2061 redierunt,
1046 2001 1074 2049 et
1094 1993 1182 2067 legati
1203 1996 1295 2069 reguli

270 2107 364 2170 untes,
393 2118 431 2155 ne
452 2097 625 2172 Tectosagis
646 2097 751 2153 bellum
773 2096 905 2153 inferret:
927 2096 1020 2172 ipsum
1043 2099 1072 2154 iu
1094 2103 1157 2155 ea'm
1180 2111 1293 2175 gentem

270 2197 336 2261 trum
368 2205 588 2279 Eposognatum
626 2219 905 2277 persuasurumque,
945 2213 977 2259 ut
1005 2203 1148 2278 imperata
1175 2204 1293 2264 faciant.

271 2318 312 2365 ata
331 2309 418 2365 venia
440 2310 549 2384 regulo.
592 2309 670 2366 Duci
698 2308 765 2365 inde
792 2308 934 2364 exereitus
962 2328 1015 2383 per
1035 2309 1169 2384 Axylon,
1205 2320 1323 2385 quaml

270 2426 345 2486 aaut,
367 2425 475 2471 terram
501 2425 621 2491 coeptus.
658 2416 707 2471 Ab
729 2434 761 2470 re
783 2432 889 2471 nomeu
911 2414 1012 2485 habet3
1034 2434 1092 2471 non
1113 2415 1183 2491 ligni
1205 2416 1292 2474 modo

270 2520 402 2597 ricquam,
432 2522 484 2578 sed
509 2541 546 2578 ne
576 2520 675 2595 spinas
704 2520 819 2595 quidem
842 2529 893 2576 aut
913 2520 1002 2576 ullum
1025 2519 1103 2577 aliud
1126 2522 1291 2580 alimentum
1393 2568 1396 2573 .

270 2629 403 2705 rtignis3
436 2629 505 2684 fimo
536 2626 645 2684 bubulo
677 2645 730 2701 pro
757 2625 842 2700 lignis
873 2633 999 2685 utuntur.
1058 2628 1107 2683 Ad
1129 2628 1322 2697 Cuballum,5

270 2731 433 2810 allograeciae
455 2733 614 2801 castellum,
643 2742 739 2788 castra
766 2731 938 2788 habentibus
960 2733 1100 2789 Romanis
1132 2718 1294 2809 apparuere

271 2854 292 2896 m
322 2860 433 2916 magno
461 2839 584 2896 tumultu
612 2839 737 2895 hostium
767 2838 891 2911 equites,
922 2857 974 2894 nee
1004 2839 1156 2895 turbarunt
1182 2851 1293 2896 tautum

270 2961 379 3004 tmanas
401 2947 541 3002 stationes
567 2953 685 3019 repente
713 2943 832 3011 invecti,
862 2943 913 2998 sed
941 2944 1082 3016 quosdam
1107 2946 1193 3001 etiam
1217 2946 1292 3003 occi-

270 3062 338 3110 ?uut.
383 3052 443 3125 Qui
464 3051 601 3108 tumultus
630 3068 718 3124 quum
744 3049 774 3105 iu
796 3059 893 3106 castra
917 3049 1044 3123 perlatus
1067 3061 1156 3118 esset,
1185 3044 1323 3108 effususti

270 3168 345 3214 »ente
375 3157 510 3213 omnibus
538 3157 630 3231 portis
663 3155 807 3230 equitatus
835 3156 985 3211 Romanus
1017 3153 1093 3211 fudit
1123 3154 1293 3229 fugavitque

271 3260 348 3333 llos,
372 3273 401 3319 et
423 3262 535 3336 aliquot
555 3261 697 3336 fugientes
720 3259 833 3320 oceidit.
883 3260 955 3316 lude
977 3260 1086 3330 consul,
1109 3272 1141 3316 ut
1163 3261 1211 3335 qui
1234 3262 1322 3320 iam?

289 3371 395 3428 hostes
417 3377 586 3443 perventum
612 3376 755 3436 comeret,
785 3367 937 3441 explorato
963 3365 1065 3421 deinde
1088 3377 1200 3448 etcum
1224 3384 1294 3424 cura

270 3485 328 3534 .cto
345 3474 463 3550 agmine
477 3457 663 3547 procedebat.
686 3472 725 3528 Et
744 3471 956 3528 contineutibus
975 3470 1124 3527 itineribus
1143 3490 1229 3554 quum
1254 3473 1293 3529 ad

270 3581 403 3658 lgarium
420 3580 526 3636 flumen
536 3577 671 3646 venisset,
695 3588 822 3652 pontem,
845 3577 914 3651 quia
935 3576 1013 3632 vado
1035 3593 1177 3650 nusquam
1197 3586 1291 3634 traus-

270 3702 278 3739 ι
308 3697 388 3755 erat,
417 3683 515 3741 faeere
540 3682 670 3740 instituit.
720 3683 881 3758 Sangarius
911 3701 947 3737 ex
977 3681 1097 3738 Adoreo
1121 3694 1218 3740 monte
1239 3691 1323 3760 per8

270 3792 387 3869 rygiam
410 3792 501 3846 fluens
526 3789 661 3845 miscetur
682 3788 720 3844 ad
735 3788 902 3864 Bithyniam
925 3786 1204 3863 Tymbreti,fluvio;
1226 3792 1292 3848 inde

270 3895 319 3955 ior
344 3898 403 3953 iam
433 3895 587 3970 geminatis
615 3895 698 3969 aquis
723 3914 775 3969 per
798 3894 965 3970 Bithyniam
993 3892 1085 3950 fertur
1112 3905 1140 3950 et
1163 3895 1192 3951 in
1215 3898 1292 3953 Pro-

270 4002 373 4059 itidem
398 4019 461 4057 sese
485 3998 620 4067 effundit,
643 4019 701 4057 non
723 4011 821 4057 tamen
843 4011 902 4056 tam
928 3999 1124 4074 magnitudine
1149 4020 1291 4059 memora·

272 4126 300 4179 s,
322 4125 411 4182 quam
430 4106 513 4180 'quod
535 4105 655 4180 piscium
674 4107 779 4163 accolis
794 4107 938 4180 ingentem
955 4106 1013 4162 vim
1028 4105 1145 4181 praebet.
1182 4108 1323 4168 Trans-9

273 4215 333 4271 ssis
362 4222 451 4289 ponte
478 4210 607 4287 perfecto
637 4213 759 4282 flumen,
792 4222 897 4287 praeter
929 4212 1023 4286 ripam
1052 4212 1184 4268 euntibus
1212 4213 1293 4270 Galli

270 4319 330 4376 tris
356 4319 474 4393 Magna
504 4337 522 4373 a
550 4317 722 4374 Pessinunte
758 4337 910 4375 occurrere
946 4336 1009 4375 cum
1031 4315 1191 4391 insignibus
1225 4320 1294 4390 suis,

1063 4417 1094 4473 δί
