3484 5025
803 491 863 534 m

292 674 455 749 illigabitur
477 691 538 747 pax
565 681 611 741 ut;
642 689 716 729 corr.
742 671 898 743 lacobsius)
927 672 1018 742 XIII,
1051 676 1086 729 10
1117 675 1232 749 praeda,
1269 694 1365 734 rerum

293 758 413 832 (irtterp.
444 758 502 815 Em.
524 754 584 812 385
606 757 648 822 n.)
681 756 716 810 13
748 753 851 826 (causa
875 756 976 825 Cren.‚·
1004 757 1066 814 cod.
1094 754 1201 833 conen)
1230 758 1318 829 XIV,
1348 762 1365 817 3

294 839 375 915 quod
400 838 476 898 ism.
489 883 497 899 .
510 837 621 895 ,fuerat
641 838 762 909 (Drolr.,·
784 840 843 894 Em.
865 837 926 894 386
947 838 988 910 n.)
1022 842 1038 894 4
1062 847 1090 894 et
1110 839 1143 895 M
1172 857 1207 897 ae
1227 841 1366 899 ducentos

294 922 439 996 (lirense.)
458 926 476 977 5
499 930 529 977 et
551 920 729 994 exipsorum
745 920 883 993 (Kreyss.)
911 922 944 976 12
962 920 1112 991 (dimissis.
1127 922 1366 996 ..opperiebatur

294 1008 408 1075 Periz.,·
438 1006 463 1061 B
494 1002 901 1077 dimissi...opperiebnntur.
963 1005 1039 1059 Idem
1075 1006 1204 1061 lamnam
1232 1008 1365 1079 notovit.)

293 1088 368 1159 XV,
391 1089 409 1144 2
433 1086 476 1143 ibi
497 1096 580 1161 parte
602 1085 721 1142 dimidia
742 1104 820 1142 exer.
849 1084 985 1156 dimissa,
1021 1086 1169 1144 dimidiam
1197 1119 1234 1130 -
1258 1088 1365 1147 trifari-

293 1189 341 1226 nm
365 1169 465 1226 divisit
488 1200 527 1211 -
550 1177 579 1224 et
600 1187 699 1225 omnes
726 1169 791 1240 (Ep.
819 1171 879 1225 Em.
908 1168 981 1241 386)
1017 1169 1022 1240 Ι
1052 1169 1264 1227 Pellenensium
1295 1172 1364 1244 (loc.

297 1256 405 1324 Gron.,·
427 1256 488 1310 Em.
502 1250 573 1325 387)
598 1254 614 1307 5
639 1251 674 1322 (B
688 1250 803 1325 clipeati
818 1250 883 1306 dein
899 1251 1019 1307 aliarum
1035 1252 1161 1327 gentium
1178 1254 1366 1325 exercitibus,

292 1338 401 1396 emend.
424 1334 554 1409 Kreyss.)
579 1336 596 1391 6
619 1332 654 1405 (Β
675 1332 819 1402 fecerunt3
841 1350 915 1389 corr.
945 1335 1037 1407 Creu.)
1061 1338 1076 1389 7
1100 1354 1168 1391 raro
1190 1336 1287 1409 (Dult.)
1306 1337 1311 1409 Ι
1330 1337 1367 1410 (E

291 1420 330 1476 ad
347 1417 483 1486 Cleonis;
505 1418 612 1473 emend.
629 1419 680 1488 ilp-
698 1419 799 1489 Opnsc.
814 1418 852 1485 ll,
873 1413 947 1490 366)
976 1418 1010 1472 13
1031 1435 1165 1492 magnam
1187 1418 1228 1476 ibi
1251 1437 1366 1495 qnoque

292 1506 398 1571 (Gran.
434 1504 457 1558 Β
494 1517 602 1574 magna
637 1497 746 1574 ibique)
791 1502 825 1555 15
858 1508 1027 1573 sparserant
1062 1498 1171 1573 (Grec.)
1212 1501 1305 1571 XVI,
1349 1506 1360 1559 l

291 1585 463 1641 societatem
487 1584 545 1655 (ed.
569 1582 664 1655 prim.)
693 1584 710 1638 3
739 1582 790 1639 sed
816 1590 845 1637 et
866 1581 1009 1656 principes
1036 1583 1135 1655 (Gran.
1168 1584 1296 1641 Alterum
1325 1588 1367 1643 sic

293 1669 413 1736 dimini,
447 1668 532 1740 quasi
560 1668 590 1721 id
616 1667 758 1737 principes
788 1682 883 1721 omnes
910 1682 1046 1722 consensu
1071 1668 1257 1738 peruicerint,
1289 1670 1367 1741 quod

291 1761 395 1808 contra
417 1768 480 1806 esse
502 1758 631 1820 apparet.
694 1750 786 1804 Dect
812 1765 866 1819 pro
893 1748 926 1805 11
948 1751 1051 1820 scripto
1082 1750 1134 1818 cfr.
1163 1752 1220 1807 Em.
1250 1750 1335 1822 305.)
1361 1747 1365 1829 Ι

292 1833 455 1909 (privatum
493 1832 639 1889 decretum
675 1834 724 1887 nic
759 1840 835 1886 recte
870 1832 981 1887 dicitur.
1055 1834 1154 1888 Fuitne
1195 1832 1331 1907 privatim
1341 1839 1366 1903 i)

291 1916 399 1985 XVII,
431 1919 448 1972 7
472 1920 528 1982 (eae
555 1915 608 1983 W;
641 1916 663 1969 B
693 1912 767 1987 haee)
806 1918 840 1969 td
863 1913 938 1970 diem
967 1931 1002 1969 ac
1029 1925 1142 1971 noctem
1173 1915 1222 1987 (ii,
1253 1920 1303 1989 qui
1330 1918 1366 1973 ad

292 2002 375 2056 liuius
397 2017 459 2071 cop.
483 2002 498 2067 ξ
523 1998 670 2069 dissipit.
713 1998 756 2052 De
779 2014 814 2052 en
839 2014 890 2067 re,
918 2016 982 2070 quie
1011 1999 1071 2053 sine
1093 2000 1300 2055 intermissione
1320 2003 1366 2055 in-

293 2083 387 2139 terdiu
417 2090 559 2153 noctuque
580 2083 648 2153 fiat,
678 2080 762 2135 liuius
782 2082 877 2135 elatis
903 2082 1054 2151 scriptores
1081 2082 1222 2153 sinpulari
1249 2100 1365 2140 numero

293 2165 338 2222 die
360 2182 398 2221 ac
418 2173 505 2220 nocte
529 2164 634 2220 dii-isse
653 2171 740 2235 puto,
769 2180 827 2217 non
848 2161 924 2218 diem
947 2181 982 2218 ac
1003 2170 1126 2232 noctem,
1152 2163 1230 2237 qaod
1252 2174 1294 2221 est
1313 2184 1366 2237 per

293 2266 378 2306 mum
403 2248 477 2303 orem
491 2255 665 2319 noctemque,
687 2254 719 2301 ut
737 2246 853 2312 XXXV,
876 2246 924 2313 46,
946 2246 972 2301 8.
996 2247 1119 2302 Plurolis
1140 2264 1282 2316 numerus,
1304 2247 1365 2305 dies

294 2339 461 2403 noctesque,
483 2330 535 2385 ltoc
556 2338 608 2397 est,
636 2345 689 2399 per
719 2329 779 2383 dies
808 2336 974 2400 noctesque,
1006 2330 1093 2384 oliam
1112 2330 1196 2385 iubet
1215 2333 1365 2399 rationem,

295 2431 348 2486 quo
371 2415 535 2470 accusativo
558 2414 744 2483 antiquiores,
766 2413 919 2479 Terentius,
944 2412 1056 2480 Cicero,
1088 2413 1195 2480 liuius,
1225 2413 1277 2468 alii
1297 2430 1364 2468 con·
1471 2408 1472 2413 '

295 2506 405 2555 stanter
433 2505 571 2566 utuntur,
608 2494 735 2551 ablativo
768 2494 915 2563 inferioris
949 2496 1056 2552 dunum
1084 2498 1177 2552 oetotis
1204 2497 1364 2567 scriptores,

295 2591 323 2636 ut
356 2580 552 2652 Quintilianus
579 2580 617 2636 Vl
639 2595 754 2649 prount.
783 2578 813 2646 2,
843 2580 920 2634 Suet.
949 2581 1024 2634 Nero
1053 2578 1102 2634 31.
1154 2580 1196 2635 De
1224 2581 1366 2651 simpulori

295 2681 409 2721 numero
431 2672 536 2734 preter
556 2667 695 2717 rationem
716 2662 801 2716 credo
828 2662 913 2716 eliam
939 2665 1049 2733 poetis,⁸
1081 2680 1146 2717 nom
1167 2663 1260 2718 solum
1281 2672 1365 2720 nocte

296 2745 397 2821 dieque
427 2763 525 2802 neruis
552 2745 676 2801 admittit
704 2745 781 2815 apud
805 2744 933 2799 Ovidium
955 2746 1017 2802 Met.
1050 2747 1100 2812 W,
1129 2744 1197 2814 266,
1228 2747 1292 2814 XII,
1315 2746 1365 2816 46,

297 2847 330 2887 ec
354 2832 447 2886 Ponto
478 2831 531 2895 111,
562 2830 589 2896 1,
617 2828 665 2895 46,
693 2829 790 2883 iuven.
822 2828 876 2894 lli,
906 2828 973 2895 105,
1003 2828 1127 2884 Martial.
1158 2829 1193 2896 X,
1220 2827 1268 2898 58,
1305 2829 1363 2898 11,-

296 2921 320 2967 et
351 2922 447 2969 tamen
484 2913 607 2968 licuisset
635 2918 808 2982 noctemque
844 2908 977 2981 diemque
1018 2910 1170 2966 includere.
1232 2911 1365 2966 Codicum

297 3005 413 3066 apparet
435 3012 519 3067 quam
541 2996 647 3064 enipuo
667 2995 705 3049 sit
728 2993 831 3047 inlice
857 3010 889 3048 re
916 2995 1081 3050 auctoritas.
1110 2992 1260 3049 Adlotious
1288 2995 1365 3064 apud

296 3080 398 3135 licium
420 3087 463 3134 est
477 3078 582 3145 XXIV,
604 3076 652 3144 20,
675 3075 723 3145 13,
746 3077 922 3130 accusativus
944 3092 999 3145 pro
1022 3074 1148 3131 ablativo
1171 3077 1289 3146 XXVII,
1313 3077 1362 3146 45,

298 3163 340 3229 11,
356 3162 489 3228 XXXVI,
506 3159 556 3228 25,
565 3159 595 3226 4,
605 3160 689 3225 Xlll,
696 3159 746 3225 54,
759 3158 789 3224 3,
802 3158 931 3229 idemque
939 3158 1015 3229 np'ud
1026 3159 1184 3214 Ciceronem
1193 3158 1227 3214 de
1238 3160 1290 3230 lep.
1301 3176 1362 3230 apr.

299 3245 334 3312 ll,
347 3244 399 3312 26,
414 3244 455 3299 68
463 3263 474 3313 ,·
491 3243 525 3298 de
540 3243 627 3301 divin.
644 3242 681 3310 11,
696 3241 744 3308 27,
759 3240 799 3296 59
814 3239 889 3296 diem
905 3249 1035 3307 noctem,
1051 3242 1127 3311 apud
1140 3242 1305 3298 Sallustium
1321 3251 1364 3297 ter

296 3336 387 3383 utrum
402 3325 452 3382 diu
467 3332 614 3397 noctuque
629 3342 667 3379 on
678 3323 724 3379 dic
735 3330 881 3396 noctuque
892 3326 1045 3394 scripserit,
1062 3320 1230 3397 dubitatur.)
1244 3323 1364 3392 XVIII,

298 3410 491 3484 lpoesessum
515 3405 674 3464 maioribus
686 3404 733 3481 (M,
748 3407 849 3462 saltem
861 3407 905 3461 ed.
920 3406 1005 3480 Mop.)
1025 3406 1030 3478 Ι
1051 3408 1067 3462 3
1089 3414 1117 3462 et
1136 3405 1228 3462 Trahi
1245 3423 1281 3461 ex
1296 3403 1362 3462 Afr.

297 3491 349 3564 (ed.
362 3494 436 3564 Moy.
466 3491 494 3547 Τ
509 3509 547 3547 eo
562 3499 591 3546 ct
602 3487 737 3562 adltoesit)
751 3493 767 3545 4
781 3487 878 3564 regiis,
894 3480 1105 3562 qniienuernnt
1118 3488 1237 3560 (neten.
1253 3489 1364 3544 Certum

297 3585 335 3631 ert
355 3593 459 3631 nomen
481 3575 537 3630 loei
562 3582 591 3629 et
616 3582 698 3629 erant
726 3572 848 3628 subesse.
903 3574 1019 3628 rueram
1048 3572 1139 3627 Coria
1166 3571 1259 3642 Steplt.
1295 3572 1362 3644 Eyz.

297 3658 444 3730 nominct.)
469 3661 484 3713 7
508 3675 546 3712 ex
566 3658 628 3712 sine
642 3659 722 3712 uncis
738 3654 820 3727 (Mn.)
842 3654 987 3729 incoepit
1003 3655 1057 3726 (ed.
1075 3650 1160 3727 tion.)
1190 3656 1222 3710 10
1238 3654 1363 3711 Achaeos

297 3740 396 3796 dextro
433 3757 522 3796 cornu
557 3737 673 3794 sinistra
704 3736 917 3794 mercennarios
946 3736 1065 3805 milites,
1099 3735 1203 3793 lectam
1234 3737 1361 3811 peditum

298 3841 420 3891 manum,
449 3822 586 3890 habuere,
617 3820 727 3877 medios
749 3820 840 3877 mixta
872 3819 918 3892 (B.
947 3822 1105 3890 Mopuntini
1125 3821 1249 3876 editores
1273 3821 1363 3876 locum

297 3907 426 3963 cidontur
447 3905 644 3976 interpolasse,
668 3905 745 3976 quod
765 3921 873 3960 cornua
900 3905 1029 3958 distincte
1050 3903 1262 3958 commemorari
1282 3903 1362 3957 nole·

299 3987 381 4059 dont,
404 3988 456 4045 sed
478 3987 613 4043 cornibus
641 3985 853 4042 circumiectum
884 3986 1053 4055 intellipitur
1074 3985 1104 4041 in
1128 3984 1263 4041 cornibus
1285 3984 1362 4057 posi·

298 4081 361 4130 tum.
413 4071 504 4128 Lecta
525 4069 653 4144 peditam
675 4086 778 4125 manus
799 4086 856 4124 non
885 4078 947 4124 erat
977 4070 1099 4125 colluvio
1127 4070 1363 4124 mercenariorum

298 4154 498 4224 Africanorum
520 4162 549 4209 et
571 4154 750 4219 Asianorum,
771 4152 822 4208 sed
843 4152 945 4218 Aulioi,
971 4153 1020 4223 qui
1038 4161 1154 4224 postero
1178 4152 1222 4205 die
1240 4168 1363 4221 pupnom

299 4236 491 4306 decreverunt,
506 4254 532 4292 n.
548 4239 563 4304 ξ
579 4237 690 4304 15,16.
732 4237 789 4291 Nec
810 4237 984 4302 mercenarii,
1005 4237 1031 4290 si
1054 4233 1089 4289 ad
1104 4235 1212 4290 Acleis
1225 4250 1363 4304 separan-

300 4328 350 4390 tur,
372 4322 423 4392 qui
443 4322 499 4391 ipsi
519 4336 631 4391 quoque
655 4320 821 4374 mercenarii
842 4325 933 4383 erant,
956 4318 1061 4372 diversi
1082 4324 1187 4371 sunto
1212 4318 1307 4372 mixtis
1327 4333 1362 4372 es
