<?xml version="1.0" encoding="UTF-8"?>
<!DOCTYPE html PUBLIC "-//W3C//DTD XHTML 1.0 Transitional//EN"
    "http://www.w3.org/TR/xhtml1/DTD/xhtml1-transitional.dtd">
<html xmlns="http://www.w3.org/1999/xhtml" xml:lang="en" lang="en">
 <head>
  <title>
</title>
<meta http-equiv="Content-Type" content="text/html;charset=utf-8" />
  <meta name='ocr-system' content='tesseract 3.04.00' />
  <meta name='ocr-capabilities' content='ocr_page ocr_carea ocr_par ocr_line ocrx_word'/>
</head>
<body>
  <div class='ocr_page' id='page_1' title='image "./titiliviihistor00ussigoog_0098.png"; bbox 0 0 3484 5025; ppageno 0'>
   <div class='ocr_carea' id='block_1_1' title="bbox 481 521 1198 588">
    <p class='ocr_par' dir='ltr' id='par_1_1' title="bbox 481 521 1198 588">
     <span class='ocr_line' id='line_1_1' title="bbox 481 521 1198 588; baseline 0 -15"><span class='ocrx_word' id='word_1_1' title='bbox 481 529 520 585; x_wconf 81' lang='grc'><strong>60</strong></span> <span class='ocrx_word' id='word_1_2' title='bbox 742 523 822 573; x_wconf 55' lang='lat' dir='ltr'><strong>ludier</strong></span> <span class='ocrx_word' id='word_1_3' title='bbox 840 521 955 577; x_wconf 84' lang='lat' dir='ltr'><strong>xxxn.</strong></span> <span class='ocrx_word' id='word_1_4' title='bbox 992 522 1037 588; x_wconf 78' lang='grc' dir='ltr'><strong>(Δ.</strong></span> <span class='ocrx_word' id='word_1_5' title='bbox 1049 537 1073 573; x_wconf 92' lang='lat' dir='ltr'><strong>u.</strong></span> <span class='ocrx_word' id='word_1_6' title='bbox 1087 537 1111 577; x_wconf 85' lang='lat' dir='ltr'><strong>c.</strong></span> <span class='ocrx_word' id='word_1_7' title='bbox 1127 526 1198 584; x_wconf 79' lang='lat' dir='ltr'><strong>aaa.)</strong></span> 
     </span>
    </p>
   </div>
   <div class='ocr_carea' id='block_1_2' title="bbox 342 704 1507 3092">
    <p class='ocr_par' dir='ltr' id='par_1_2' title="bbox 389 704 1505 993">
     <span class='ocr_line' id='line_1_2' title="bbox 389 704 1505 786; baseline -0.003 -20"><span class='ocrx_word' id='word_1_8' title='bbox 389 711 423 767; x_wconf 88' lang='grc'><strong>17</strong></span> <span class='ocrx_word' id='word_1_9' title='bbox 438 710 467 766; x_wconf 90' lang='lat' dir='ltr'><strong>in</strong></span> <span class='ocrx_word' id='word_1_10' title='bbox 490 708 664 786; x_wconf 84' lang='lat' dir='ltr'><strong>deditionem</strong></span> <span class='ocrx_word' id='word_1_11' title='bbox 696 706 784 763; x_wconf 86' lang='lat' dir='ltr'><strong>venit.</strong></span> <span class='ocrx_word' id='word_1_12' title='bbox 832 704 968 764; x_wconf 76' lang='lat' dir='ltr'><strong>Pecuniae</strong></span> <span class='ocrx_word' id='word_1_13' title='bbox 997 707 1119 782; x_wconf 78' lang='lat' dir='ltr'>aurique</span> <span class='ocrx_word' id='word_1_14' title='bbox 1149 715 1177 764; x_wconf 91' lang='lat' dir='ltr'><strong>et</strong></span> <span class='ocrx_word' id='word_1_15' title='bbox 1199 705 1312 783; x_wconf 78' lang='lat' dir='ltr'>argenti</span> <span class='ocrx_word' id='word_1_16' title='bbox 1332 706 1414 764; x_wconf 91' lang='lat' dir='ltr'><strong>haud</strong></span> <span class='ocrx_word' id='word_1_17' title='bbox 1436 723 1505 763; x_wconf 90' lang='lat' dir='ltr'><strong>sane</strong></span> 
     </span>
     <span class='ocr_line' id='line_1_3' title="bbox 439 810 1504 889; baseline -0.001 -20"><span class='ocrx_word' id='word_1_18' title='bbox 439 812 560 870; x_wconf 89' lang='lat' dir='ltr'><strong>multum</strong></span> <span class='ocrx_word' id='word_1_19' title='bbox 584 811 654 881; x_wconf 84' lang='lat' dir='ltr'><strong>fuit3</strong></span> <span class='ocrx_word' id='word_1_20' title='bbox 684 812 767 887; x_wconf 84' lang='lat' dir='ltr'><strong>signs</strong></span> <span class='ocrx_word' id='word_1_21' title='bbox 789 830 824 868; x_wconf 86' lang='lat' dir='ltr'><strong>ae</strong></span> <span class='ocrx_word' id='word_1_22' title='bbox 847 812 954 870; x_wconf 89' lang='lat' dir='ltr'><strong>tabulae</strong></span> <span class='ocrx_word' id='word_1_23' title='bbox 976 813 1078 889; x_wconf 87' lang='lat' dir='ltr'><strong>priscae</strong></span> <span class='ocrx_word' id='word_1_24' title='bbox 1100 813 1170 870; x_wconf 87' lang='lat' dir='ltr'><strong>artis</strong></span> <span class='ocrx_word' id='word_1_25' title='bbox 1192 822 1425 887; x_wconf 85' lang='lat' dir='ltr'><strong>ornamentaque</strong></span> <span class='ocrx_word' id='word_1_26' title='bbox 1445 810 1504 869; x_wconf 88' lang='lat' dir='ltr'><strong>eiua</strong></span> 
     </span>
     <span class='ocr_line' id='line_1_4' title="bbox 440 915 1504 993; baseline 0 -18"><span class='ocrx_word' id='word_1_27' title='bbox 440 916 554 992; x_wconf 85' lang='lat' dir='ltr'><strong>generis</strong></span> <span class='ocrx_word' id='word_1_28' title='bbox 581 916 666 992; x_wconf 89' lang='lat' dir='ltr'><strong>plura</strong></span> <span class='ocrx_word' id='word_1_29' title='bbox 696 936 782 992; x_wconf 90' lang='lat' dir='ltr'><strong>quam</strong></span> <span class='ocrx_word' id='word_1_30' title='bbox 807 937 862 993; x_wconf 88' lang='lat' dir='ltr'><strong>pro</strong></span> <span class='ocrx_word' id='word_1_31' title='bbox 885 918 964 975; x_wconf 89' lang='lat' dir='ltr'><strong>urbis</strong></span> <span class='ocrx_word' id='word_1_32' title='bbox 986 917 1183 993; x_wconf 74' lang='lat' dir='ltr'><strong>magnitudine</strong></span> <span class='ocrx_word' id='word_1_33' title='bbox 1204 927 1254 975; x_wconf 88' lang='lat' dir='ltr'><strong>aut</strong></span> <span class='ocrx_word' id='word_1_34' title='bbox 1276 917 1382 993; x_wconf 88' lang='lat' dir='ltr'><strong>opibus</strong></span> <span class='ocrx_word' id='word_1_35' title='bbox 1405 915 1504 975; x_wconf 88' lang='lat' dir='ltr'><strong>ceteris</strong></span> 
     </span>
    </p>

    <p class='ocr_par' dir='ltr' id='par_1_3' title="bbox 342 1017 1505 1833">
     <span class='ocr_line' id='line_1_5' title="bbox 342 1017 1505 1100; baseline -0.002 -20"><span class='ocrx_word' id='word_1_36' title='bbox 342 1017 383 1087; x_wconf 80' lang='lat' dir='ltr'><strong>l&#39;l</strong></span> <span class='ocrx_word' id='word_1_37' title='bbox 440 1024 567 1080; x_wconf 87' lang='lat' dir='ltr'><strong>inventa.</strong></span> <span class='ocrx_word' id='word_1_38' title='bbox 610 1020 750 1097; x_wconf 77' lang='lat' dir='ltr'><strong>Carystus</strong></span> <span class='ocrx_word' id='word_1_39' title='bbox 777 1020 845 1078; x_wconf 89' lang='lat' dir='ltr'><strong>inde</strong></span> <span class='ocrx_word' id='word_1_40' title='bbox 866 1022 1004 1097; x_wconf 90' lang='lat' dir='ltr'><strong>repetita,</strong></span> <span class='ocrx_word' id='word_1_41' title='bbox 1032 1021 1123 1095; x_wconf 89' lang='lat' dir='ltr'><strong>unde,</strong></span> <span class='ocrx_word' id='word_1_42' title='bbox 1152 1023 1321 1100; x_wconf 86' lang='lat' dir='ltr'><strong>prinsquam</strong></span> <span class='ocrx_word' id='word_1_43' title='bbox 1345 1041 1362 1079; x_wconf 88' lang='lat' dir='ltr'><strong>e</strong></span> <span class='ocrx_word' id='word_1_44' title='bbox 1383 1022 1505 1079; x_wconf 87' lang='lat' dir='ltr'><strong>navibus</strong></span> 
     </span>
     <span class='ocr_line' id='line_1_6' title="bbox 439 1125 1505 1203; baseline 0 -19"><span class='ocrx_word' id='word_1_45' title='bbox 439 1128 531 1203; x_wconf 80' lang='lat' dir='ltr'><strong>copiae</strong></span> <span class='ocrx_word' id='word_1_46' title='bbox 553 1137 780 1202; x_wconf 73' lang='lat' dir='ltr'><strong>exponerentur,</strong></span> <span class='ocrx_word' id='word_1_47' title='bbox 808 1126 903 1184; x_wconf 89' lang='lat' dir='ltr'><strong>omnis</strong></span> <span class='ocrx_word' id='word_1_48' title='bbox 925 1126 1092 1197; x_wconf 86' lang='lat' dir='ltr'><strong>multitudo,</strong></span> <span class='ocrx_word' id='word_1_49' title='bbox 1113 1128 1186 1185; x_wconf 90' lang='lat' dir='ltr'><strong>urbe</strong></span> <span class='ocrx_word' id='word_1_50' title='bbox 1206 1129 1331 1197; x_wconf 81' lang='lat' dir='ltr'><strong>deserta,</strong></span> <span class='ocrx_word' id='word_1_51' title='bbox 1355 1125 1388 1182; x_wconf 91' lang='lat' dir='ltr'><strong>in</strong></span> <span class='ocrx_word' id='word_1_52' title='bbox 1412 1143 1505 1184; x_wconf 88' lang='lat' dir='ltr'><strong>arcem</strong></span> 
     </span>
     <span class='ocr_line' id='line_1_7' title="bbox 408 1232 1504 1308; baseline 0.002 -19"><span class='ocrx_word' id='word_1_53' title='bbox 408 1235 426 1289; x_wconf 84' lang='lat'>2</span> <span class='ocrx_word' id='word_1_54' title='bbox 440 1232 579 1308; x_wconf 85' lang='lat' dir='ltr'><strong>confugit.</strong></span> <span class='ocrx_word' id='word_1_55' title='bbox 626 1232 699 1289; x_wconf 90' lang='lat' dir='ltr'><strong>lude</strong></span> <span class='ocrx_word' id='word_1_56' title='bbox 715 1232 752 1288; x_wconf 92' lang='lat' dir='ltr'><strong>ad</strong></span> <span class='ocrx_word' id='word_1_57' title='bbox 770 1232 856 1289; x_wconf 88' lang='lat' dir='ltr'><strong>fidem</strong></span> <span class='ocrx_word' id='word_1_58' title='bbox 873 1232 911 1288; x_wconf 92' lang='lat' dir='ltr'><strong>ab</strong></span> <span class='ocrx_word' id='word_1_59' title='bbox 923 1233 1058 1289; x_wconf 88' lang='lat' dir='ltr'><strong>Romano</strong></span> <span class='ocrx_word' id='word_1_60' title='bbox 1069 1232 1223 1308; x_wconf 88' lang='lat' dir='ltr'><strong>petendam</strong></span> <span class='ocrx_word' id='word_1_61' title='bbox 1237 1242 1370 1289; x_wconf 87' lang='lat' dir='ltr'><strong>oratores</strong></span> <span class='ocrx_word' id='word_1_62' title='bbox 1380 1232 1504 1291; x_wconf 87' lang='lat' dir='ltr'><strong>mittunt.</strong></span> 
     </span>
     <span class='ocr_line' id='line_1_8' title="bbox 387 1336 1504 1415; baseline -0.004 -18"><span class='ocrx_word' id='word_1_63' title='bbox 387 1385 390 1390; x_wconf 91' lang='lat'>.</span> <span class='ocrx_word' id='word_1_64' title='bbox 439 1337 604 1415; x_wconf 91' lang='lat' dir='ltr'><strong>Oppidanis</strong></span> <span class='ocrx_word' id='word_1_65' title='bbox 626 1336 773 1411; x_wconf 89' lang='lat' dir='ltr'><strong>extemplo</strong></span> <span class='ocrx_word' id='word_1_66' title='bbox 795 1336 857 1393; x_wconf 87' lang='lat' dir='ltr'><strong>vita</strong></span> <span class='ocrx_word' id='word_1_67' title='bbox 877 1356 912 1395; x_wconf 93' lang='lat' dir='ltr'><strong>ac</strong></span> <span class='ocrx_word' id='word_1_68' title='bbox 928 1338 1048 1402; x_wconf 84' lang='lat' dir='ltr'><strong>libertas</strong></span> <span class='ocrx_word' id='word_1_69' title='bbox 1065 1355 1204 1395; x_wconf 89' lang='lat' dir='ltr'><strong>concessa</strong></span> <span class='ocrx_word' id='word_1_70' title='bbox 1214 1349 1274 1407; x_wconf 82' lang='lat' dir='ltr'><strong>est3</strong></span> <span class='ocrx_word' id='word_1_71' title='bbox 1295 1336 1504 1395; x_wconf 72' lang='lat' dir='ltr'><strong>Macedonibus</strong></span> 
     </span>
     <span class='ocr_line' id='line_1_9' title="bbox 439 1440 1504 1517; baseline -0.002 -18"><span class='ocrx_word' id='word_1_72' title='bbox 439 1443 548 1501; x_wconf 89' lang='lat' dir='ltr'><strong>treceni</strong></span> <span class='ocrx_word' id='word_1_73' title='bbox 574 1442 684 1499; x_wconf 85' lang='lat' dir='ltr'><strong>nummi</strong></span> <span class='ocrx_word' id='word_1_74' title='bbox 706 1443 735 1498; x_wconf 93' lang='lat' dir='ltr'><strong>in</strong></span> <span class='ocrx_word' id='word_1_75' title='bbox 766 1443 864 1517; x_wconf 89' lang='lat' dir='ltr'><strong>capita</strong></span> <span class='ocrx_word' id='word_1_76' title='bbox 894 1450 1034 1499; x_wconf 90' lang='lat' dir='ltr'><strong>statutum</strong></span> <span class='ocrx_word' id='word_1_77' title='bbox 1057 1443 1180 1517; x_wconf 90' lang='lat' dir='ltr'><strong>pretium</strong></span> <span class='ocrx_word' id='word_1_78' title='bbox 1211 1453 1269 1512; x_wconf 85' lang='lat' dir='ltr'><strong>est,</strong></span> <span class='ocrx_word' id='word_1_79' title='bbox 1300 1451 1330 1499; x_wconf 91' lang='lat' dir='ltr'><strong>et</strong></span> <span class='ocrx_word' id='word_1_80' title='bbox 1357 1450 1391 1498; x_wconf 88' lang='lat' dir='ltr'><strong>ut</strong></span> <span class='ocrx_word' id='word_1_81' title='bbox 1420 1440 1504 1498; x_wconf 87' lang='lat' dir='ltr'><strong>armis</strong></span> 
     </span>
     <span class='ocr_line' id='line_1_10' title="bbox 407 1546 1503 1622; baseline -0.002 -17"><span class='ocrx_word' id='word_1_82' title='bbox 407 1547 551 1606; x_wconf 70' lang='lat' dir='ltr'><strong>btraditis</strong></span> <span class='ocrx_word' id='word_1_83' title='bbox 581 1549 704 1608; x_wconf 86' lang='lat' dir='ltr'><strong>abirent.</strong></span> <span class='ocrx_word' id='word_1_84' title='bbox 752 1548 818 1605; x_wconf 88' lang='lat' dir='ltr'><strong>Hac</strong></span> <span class='ocrx_word' id='word_1_85' title='bbox 845 1566 961 1604; x_wconf 84' lang='lat' dir='ltr'><strong>summa</strong></span> <span class='ocrx_word' id='word_1_86' title='bbox 988 1548 1130 1622; x_wconf 86' lang='lat' dir='ltr'><strong>redempti</strong></span> <span class='ocrx_word' id='word_1_87' title='bbox 1156 1547 1282 1604; x_wconf 89' lang='lat' dir='ltr'><strong>inermes</strong></span> <span class='ocrx_word' id='word_1_88' title='bbox 1307 1546 1338 1603; x_wconf 90' lang='lat' dir='ltr'><strong>in</strong></span> <span class='ocrx_word' id='word_1_89' title='bbox 1360 1546 1503 1603; x_wconf 78' lang='lat' dir='ltr'><strong>Boeotiam</strong></span> 
     </span>
     <span class='ocr_line' id='line_1_11' title="bbox 438 1636 1505 1729; baseline -0.003 -18"><span class='ocrx_word' id='word_1_90' title='bbox 438 1636 560 1711; x_wconf 64' lang='lat' dir='ltr'><strong>cratem.</strong></span> <span class='ocrx_word' id='word_1_91' title='bbox 602 1653 734 1710; x_wconf 71' lang='lat' dir='ltr'><strong>Navnes</strong></span> <span class='ocrx_word' id='word_1_92' title='bbox 756 1653 862 1729; x_wconf 69' lang='lat' dir='ltr'><strong>eopse,</strong></span> <span class='ocrx_word' id='word_1_93' title='bbox 894 1652 1006 1709; x_wconf 78' lang='lat' dir='ltr'><strong>duabus</strong></span> <span class='ocrx_word' id='word_1_94' title='bbox 1035 1652 1121 1709; x_wconf 73' lang='lat' dir='ltr'><strong>cuns</strong></span> <span class='ocrx_word' id='word_1_95' title='bbox 1147 1653 1267 1710; x_wconf 75' lang='lat' dir='ltr'><strong>ursanus</strong></span> <span class='ocrx_word' id='word_1_96' title='bbox 1289 1653 1411 1710; x_wconf 70' lang='lat' dir='ltr'><strong>suase</strong></span> <span class='ocrx_word' id='word_1_97' title='bbox 1431 1651 1505 1708; x_wconf 78' lang='lat' dir='ltr'><strong>intra</strong></span> 
     </span>
     <span class='ocr_line' id='line_1_12' title="bbox 439 1756 1503 1833; baseline -0.001 -18"><span class='ocrx_word' id='word_1_98' title='bbox 439 1757 500 1815; x_wconf 85' lang='lat' dir='ltr'><strong>dies</strong></span> <span class='ocrx_word' id='word_1_99' title='bbox 522 1774 632 1833; x_wconf 90' lang='lat' dir='ltr'><strong>pancos</strong></span> <span class='ocrx_word' id='word_1_100' title='bbox 654 1758 756 1833; x_wconf 86' lang='lat' dir='ltr'><strong>captis,</strong></span> <span class='ocrx_word' id='word_1_101' title='bbox 779 1758 980 1816; x_wconf 77' lang='lat' dir='ltr'><strong>circumvectae</strong></span> <span class='ocrx_word' id='word_1_102' title='bbox 995 1756 1126 1826; x_wconf 85' lang='lat' dir='ltr'><strong>Sunium,</strong></span> <span class='ocrx_word' id='word_1_103' title='bbox 1151 1756 1257 1814; x_wconf 87' lang='lat' dir='ltr'><strong>Atticae</strong></span> <span class='ocrx_word' id='word_1_104' title='bbox 1272 1766 1356 1814; x_wconf 78' lang='lat' dir='ltr'><strong>terrm</strong></span> <span class='ocrx_word' id='word_1_105' title='bbox 1367 1772 1503 1832; x_wconf 88' lang='lat' dir='ltr'><strong>promun-</strong></span> 
     </span>
    </p>

    <p class='ocr_par' dir='ltr' id='par_1_4' title="bbox 372 1857 1367 1938">
     <span class='ocr_line' id='line_1_13' title="bbox 372 1857 1367 1938; baseline 0.001 -18"><span class='ocrx_word' id='word_1_106' title='bbox 372 1901 374 1906; x_wconf 91' lang='lat'>·</span> <span class='ocrx_word' id='word_1_107' title='bbox 438 1862 554 1933; x_wconf 89' lang='lat' dir='ltr'><strong>torinm,</strong></span> <span class='ocrx_word' id='word_1_108' title='bbox 577 1860 752 1934; x_wconf 88' lang='lat' dir='ltr'><strong>Cenchreas,</strong></span> <span class='ocrx_word' id='word_1_109' title='bbox 775 1857 994 1921; x_wconf 85' lang='lat' dir='ltr'><strong>Corinthiorum</strong></span> <span class='ocrx_word' id='word_1_110' title='bbox 1020 1863 1191 1938; x_wconf 88' lang='lat' dir='ltr'><strong>emporium,</strong></span> <span class='ocrx_word' id='word_1_111' title='bbox 1212 1862 1367 1937; x_wconf 84' lang='lat' dir='ltr'><strong>petierunt.</strong></span> 
     </span>
    </p>

    <p class='ocr_par' dir='ltr' id='par_1_5' title="bbox 365 1966 1507 3092">
     <span class='ocr_line' id='line_1_14' title="bbox 365 1966 1504 2043; baseline -0.002 -20"><span class='ocrx_word' id='word_1_112' title='bbox 365 2007 367 2010; x_wconf 90' lang='lat'>-</span> <span class='ocrx_word' id='word_1_113' title='bbox 407 1970 425 2023; x_wconf 86' lang='grc'><strong>4</strong></span> <span class='ocrx_word' id='word_1_114' title='bbox 522 1967 633 2025; x_wconf 80' lang='lat' dir='ltr'><strong>Consul</strong></span> <span class='ocrx_word' id='word_1_115' title='bbox 645 1967 758 2025; x_wconf 89' lang='lat' dir='ltr'><strong>interim</strong></span> <span class='ocrx_word' id='word_1_116' title='bbox 770 1968 899 2026; x_wconf 83' lang='lat' dir='ltr'><strong>omniurn</strong></span> <span class='ocrx_word' id='word_1_117' title='bbox 913 1986 965 2043; x_wconf 89' lang='lat' dir='ltr'><strong>spe</strong></span> <span class='ocrx_word' id='word_1_118' title='bbox 975 1967 1136 2042; x_wconf 82' lang='lat' dir='ltr'><strong>longiorem</strong></span> <span class='ocrx_word' id='word_1_119' title='bbox 1146 1966 1379 2040; x_wconf 79' lang='lat' dir='ltr'><strong>atrocioremque</strong></span> <span class='ocrx_word' id='word_1_120' title='bbox 1395 1980 1504 2041; x_wconf 88' lang='lat' dir='ltr'><strong>oppug-</strong></span> 
     </span>
     <span class='ocr_line' id='line_1_15' title="bbox 438 2065 1507 2147; baseline -0.003 -18"><span class='ocrx_word' id='word_1_121' title='bbox 438 2072 582 2130; x_wconf 78' lang='lat' dir='ltr'><strong>nationem</strong></span> <span class='ocrx_word' id='word_1_122' title='bbox 604 2073 721 2143; x_wconf 88' lang='lat' dir='ltr'><strong>habuit,</strong></span> <span class='ocrx_word' id='word_1_123' title='bbox 743 2081 772 2129; x_wconf 91' lang='lat' dir='ltr'><strong>et</strong></span> <span class='ocrx_word' id='word_1_124' title='bbox 794 2087 845 2142; x_wconf 92' lang='lat' dir='ltr'><strong>ea,</strong></span> <span class='ocrx_word' id='word_1_125' title='bbox 862 2065 927 2147; x_wconf 65' lang='lat' dir='ltr'><strong>&#39;bun</strong></span> <span class='ocrx_word' id='word_1_126' title='bbox 949 2071 1097 2129; x_wconf 89' lang='lat' dir='ltr'><strong>minimum</strong></span> <span class='ocrx_word' id='word_1_127' title='bbox 1120 2070 1303 2140; x_wconf 84' lang='lat' dir='ltr'><strong>credidisset,</strong></span> <span class='ocrx_word' id='word_1_128' title='bbox 1335 2070 1507 2128; x_wconf 80' lang='lat' dir='ltr'><strong>resistebant</strong></span> 
     </span>
     <span class='ocr_line' id='line_1_16' title="bbox 408 2174 1506 2236; baseline -0.004 -3"><span class='ocrx_word' id='word_1_129' title='bbox 408 2180 547 2236; x_wconf 75' lang='lat' dir='ltr'><strong>bhostes.</strong></span> <span class='ocrx_word' id='word_1_130' title='bbox 595 2179 676 2236; x_wconf 88' lang='lat' dir='ltr'><strong>Nam</strong></span> <span class='ocrx_word' id='word_1_131' title='bbox 704 2197 818 2235; x_wconf 89' lang='lat' dir='ltr'><strong>omnem</strong></span> <span class='ocrx_word' id='word_1_132' title='bbox 849 2178 980 2235; x_wconf 85' lang='lat' dir='ltr'><strong>laborem</strong></span> <span class='ocrx_word' id='word_1_133' title='bbox 1009 2178 1039 2234; x_wconf 90' lang='lat' dir='ltr'><strong>in</strong></span> <span class='ocrx_word' id='word_1_134' title='bbox 1065 2196 1150 2234; x_wconf 90' lang='lat' dir='ltr'><strong>muro</strong></span> <span class='ocrx_word' id='word_1_135' title='bbox 1176 2175 1340 2234; x_wconf 89' lang='lat' dir='ltr'><strong>crediderat</strong></span> <span class='ocrx_word' id='word_1_136' title='bbox 1366 2174 1506 2232; x_wconf 86' lang='lat' dir='ltr'><strong>diruendo</strong></span> 
     </span>
     <span class='ocr_line' id='line_1_17' title="bbox 438 2278 1507 2358; baseline -0.006 -17"><span class='ocrx_word' id='word_1_137' title='bbox 438 2283 518 2353; x_wconf 82' lang='lat' dir='ltr'><strong>fore3</strong></span> <span class='ocrx_word' id='word_1_138' title='bbox 551 2284 575 2340; x_wconf 91' lang='lat' dir='ltr'><strong>si</strong></span> <span class='ocrx_word' id='word_1_139' title='bbox 605 2284 716 2341; x_wconf 87' lang='lat' dir='ltr'><strong>aditum</strong></span> <span class='ocrx_word' id='word_1_140' title='bbox 749 2284 870 2339; x_wconf 87' lang='lat' dir='ltr'><strong>armatis</strong></span> <span class='ocrx_word' id='word_1_141' title='bbox 898 2283 927 2339; x_wconf 92' lang='lat' dir='ltr'><strong>in</strong></span> <span class='ocrx_word' id='word_1_142' title='bbox 949 2283 1051 2339; x_wconf 89' lang='lat' dir='ltr'><strong>urbem</strong></span> <span class='ocrx_word' id='word_1_143' title='bbox 1073 2282 1275 2358; x_wconf 65' lang='lat' dir='ltr'><strong>patefecisset,</strong></span> <span class='ocrx_word' id='word_1_144' title='bbox 1306 2281 1407 2357; x_wconf 78' lang='lat' dir='ltr'><strong>fugam</strong></span> <span class='ocrx_word' id='word_1_145' title='bbox 1440 2278 1507 2335; x_wconf 88' lang='lat' dir='ltr'><strong>inde</strong></span> 
     </span>
     <span class='ocr_line' id='line_1_18' title="bbox 408 2386 1503 2463; baseline -0.005 -17"><span class='ocrx_word' id='word_1_146' title='bbox 408 2390 425 2445; x_wconf 87' lang='grc'><strong>6</strong></span> <span class='ocrx_word' id='word_1_147' title='bbox 439 2388 604 2463; x_wconf 81' lang='lat' dir='ltr'><strong>caedemqu&#39;e</strong></span> <span class='ocrx_word' id='word_1_148' title='bbox 614 2387 741 2446; x_wconf 89' lang='lat' dir='ltr'><strong>hostium</strong></span> <span class='ocrx_word' id='word_1_149' title='bbox 752 2386 825 2456; x_wconf 81' lang='lat' dir='ltr'><strong>fore,</strong></span> <span class='ocrx_word' id='word_1_150' title='bbox 842 2387 937 2461; x_wconf 84' lang='lat' dir='ltr'><strong>qualis</strong></span> <span class='ocrx_word' id='word_1_151' title='bbox 949 2388 1045 2462; x_wconf 89' lang='lat' dir='ltr'><strong>captis</strong></span> <span class='ocrx_word' id='word_1_152' title='bbox 1059 2388 1179 2445; x_wconf 82' lang='lat' dir='ltr'><strong>urbibus</strong></span> <span class='ocrx_word' id='word_1_153' title='bbox 1195 2388 1256 2444; x_wconf 89' lang='lat' dir='ltr'><strong>fieri</strong></span> <span class='ocrx_word' id='word_1_154' title='bbox 1267 2386 1358 2456; x_wconf 82' lang='lat' dir='ltr'><strong>solet3</strong></span> <span class='ocrx_word' id='word_1_155' title='bbox 1381 2394 1503 2443; x_wconf 87' lang='lat' dir='ltr'><strong>ceterum</strong></span> 
     </span>
     <span class='ocr_line' id='line_1_19' title="bbox 438 2490 1503 2569; baseline -0.004 -19"><span class='ocrx_word' id='word_1_156' title='bbox 438 2502 611 2569; x_wconf 85' lang='lat' dir='ltr'><strong>postquam,</strong></span> <span class='ocrx_word' id='word_1_157' title='bbox 644 2503 728 2569; x_wconf 86' lang='lat' dir='ltr'><strong>parte</strong></span> <span class='ocrx_word' id='word_1_158' title='bbox 763 2492 836 2550; x_wconf 88' lang='lat' dir='ltr'><strong>muri</strong></span> <span class='ocrx_word' id='word_1_159' title='bbox 868 2493 1007 2551; x_wconf 89' lang='lat' dir='ltr'><strong>arietibus</strong></span> <span class='ocrx_word' id='word_1_160' title='bbox 1037 2492 1174 2563; x_wconf 89' lang='lat' dir='ltr'><strong>decussa,</strong></span> <span class='ocrx_word' id='word_1_161' title='bbox 1212 2512 1265 2568; x_wconf 87' lang='lat' dir='ltr'><strong>per</strong></span> <span class='ocrx_word' id='word_1_162' title='bbox 1297 2492 1378 2567; x_wconf 89' lang='lat' dir='ltr'><strong>ipsas</strong></span> <span class='ocrx_word' id='word_1_163' title='bbox 1406 2490 1503 2548; x_wconf 83' lang='lat' dir='ltr'><strong>ruinas</strong></span> 
     </span>
     <span class='ocr_line' id='line_1_20' title="bbox 439 2595 1500 2674; baseline -0.003 -20"><span class='ocrx_word' id='word_1_164' title='bbox 439 2598 678 2657; x_wconf 87' lang='lat' dir='ltr'><strong>transcenderunt</strong></span> <span class='ocrx_word' id='word_1_165' title='bbox 707 2599 736 2654; x_wconf 91' lang='lat' dir='ltr'><strong>in</strong></span> <span class='ocrx_word' id='word_1_166' title='bbox 764 2601 864 2655; x_wconf 89' lang='lat' dir='ltr'><strong>urbem</strong></span> <span class='ocrx_word' id='word_1_167' title='bbox 895 2597 1016 2668; x_wconf 89' lang='lat' dir='ltr'><strong>armati,</strong></span> <span class='ocrx_word' id='word_1_168' title='bbox 1043 2597 1114 2654; x_wconf 91' lang='lat' dir='ltr'><strong>illud</strong></span> <span class='ocrx_word' id='word_1_169' title='bbox 1143 2598 1316 2674; x_wconf 89' lang='lat' dir='ltr'><strong>principium</strong></span> <span class='ocrx_word' id='word_1_170' title='bbox 1336 2597 1417 2653; x_wconf 89' lang='lat' dir='ltr'><strong>velut</strong></span> <span class='ocrx_word' id='word_1_171' title='bbox 1436 2595 1500 2652; x_wconf 88' lang='lat' dir='ltr'><strong>novi</strong></span> 
     </span>
     <span class='ocr_line' id='line_1_21' title="bbox 409 2699 1506 2779; baseline -0.004 -19"><span class='ocrx_word' id='word_1_172' title='bbox 409 2707 527 2777; x_wconf 81' lang='lat' dir='ltr'><strong>iatque</strong></span> <span class='ocrx_word' id='word_1_173' title='bbox 549 2703 652 2778; x_wconf 82' lang='lat' dir='ltr'><strong>integri</strong></span> <span class='ocrx_word' id='word_1_174' title='bbox 675 2703 784 2760; x_wconf 88' lang='lat' dir='ltr'><strong>laboris</strong></span> <span class='ocrx_word' id='word_1_175' title='bbox 806 2703 870 2764; x_wconf 83' lang='lat' dir='ltr'><strong>tuit.</strong></span> <span class='ocrx_word' id='word_1_176' title='bbox 915 2705 993 2762; x_wconf 89' lang='lat' dir='ltr'><strong>Nam</strong></span> <span class='ocrx_word' id='word_1_177' title='bbox 1018 2705 1210 2773; x_wconf 85' lang='lat' dir='ltr'><strong>Macedones,</strong></span> <span class='ocrx_word' id='word_1_178' title='bbox 1243 2703 1344 2779; x_wconf 89' lang='lat' dir='ltr'><strong>quiin</strong></span> <span class='ocrx_word' id='word_1_179' title='bbox 1370 2699 1506 2778; x_wconf 82' lang='lat' dir='ltr'><strong>praesidio&#39;</strong></span> 
     </span>
     <span class='ocr_line' id='line_1_22' title="bbox 439 2793 1496 2885; baseline -0.001 -23"><span class='ocrx_word' id='word_1_180' title='bbox 439 2817 522 2863; x_wconf 89' lang='lat' dir='ltr'><strong>erant</strong></span> <span class='ocrx_word' id='word_1_181' title='bbox 537 2815 566 2864; x_wconf 89' lang='lat' dir='ltr'><strong>et</strong></span> <span class='ocrx_word' id='word_1_182' title='bbox 585 2807 668 2864; x_wconf 91' lang='lat' dir='ltr'><strong>multi</strong></span> <span class='ocrx_word' id='word_1_183' title='bbox 682 2818 711 2865; x_wconf 91' lang='lat' dir='ltr'><strong>et</strong></span> <span class='ocrx_word' id='word_1_184' title='bbox 733 2809 845 2876; x_wconf 89' lang='lat' dir='ltr'><strong>delecti,</strong></span> <span class='ocrx_word' id='word_1_185' title='bbox 866 2809 989 2885; x_wconf 87' lang='lat' dir='ltr'><strong>gloriam</strong></span> <span class='ocrx_word' id='word_1_186' title='bbox 1013 2810 1099 2866; x_wconf 89' lang='lat' dir='ltr'><strong>etiem</strong></span> <span class='ocrx_word' id='word_1_187' title='bbox 1123 2809 1268 2884; x_wconf 88' lang='lat' dir='ltr'><strong>egregiam</strong></span> <span class='ocrx_word' id='word_1_188' title='bbox 1290 2808 1357 2878; x_wconf 90' lang='lat' dir='ltr'><strong>rati,</strong></span> <span class='ocrx_word' id='word_1_189' title='bbox 1379 2793 1403 2863; x_wconf 87' lang='lat' dir='ltr'><strong>si</strong></span> <span class='ocrx_word' id='word_1_190' title='bbox 1417 2802 1496 2863; x_wconf 85' lang='lat' dir='ltr'><strong>armis</strong></span> 
     </span>
     <span class='ocr_line' id='line_1_23' title="bbox 409 2908 1504 2988; baseline -0.005 -15"><span class='ocrx_word' id='word_1_191' title='bbox 409 2912 537 2987; x_wconf 87' lang='lat' dir='ltr'><strong>8potius</strong></span> <span class='ocrx_word' id='word_1_192' title='bbox 570 2922 598 2969; x_wconf 89' lang='lat' dir='ltr'><strong>et</strong></span> <span class='ocrx_word' id='word_1_193' title='bbox 629 2913 737 2970; x_wconf 88' lang='lat' dir='ltr'><strong>virtute</strong></span> <span class='ocrx_word' id='word_1_194' title='bbox 772 2932 859 2988; x_wconf 90' lang='lat' dir='ltr'><strong>quam</strong></span> <span class='ocrx_word' id='word_1_195' title='bbox 894 2915 1035 2971; x_wconf 88' lang='lat' dir='ltr'><strong>moenibus</strong></span> <span class='ocrx_word' id='word_1_196' title='bbox 1058 2916 1157 2972; x_wconf 91' lang='lat' dir='ltr'><strong>urbem</strong></span> <span class='ocrx_word' id='word_1_197' title='bbox 1181 2923 1343 2981; x_wconf 85' lang='lat' dir='ltr'><strong>tuerentur,</strong></span> <span class='ocrx_word' id='word_1_198' title='bbox 1375 2908 1504 2977; x_wconf 63' lang='lat' dir='ltr'><strong>conferti,e</strong></span> 
     </span>
     <span class='ocr_line' id='line_1_24' title="bbox 438 3014 1493 3092; baseline -0.002 -19"><span class='ocrx_word' id='word_1_199' title='bbox 438 3017 569 3092; x_wconf 89' lang='lat' dir='ltr'><strong>pluribus</strong></span> <span class='ocrx_word' id='word_1_200' title='bbox 596 3017 737 3076; x_wconf 87' lang='lat' dir='ltr'><strong>introrsus</strong></span> <span class='ocrx_word' id='word_1_201' title='bbox 767 3019 916 3076; x_wconf 90' lang='lat' dir='ltr'><strong>ordinibus</strong></span> <span class='ocrx_word' id='word_1_202' title='bbox 939 3021 1001 3076; x_wconf 90' lang='lat' dir='ltr'><strong>acie</strong></span> <span class='ocrx_word' id='word_1_203' title='bbox 1029 3020 1158 3088; x_wconf 88' lang='lat' dir='ltr'><strong>firmata,</strong></span> <span class='ocrx_word' id='word_1_204' title='bbox 1188 3037 1275 3092; x_wconf 91' lang='lat' dir='ltr'><strong>quum</strong></span> <span class='ocrx_word' id='word_1_205' title='bbox 1303 3014 1493 3074; x_wconf 82' lang='lat' dir='ltr'><strong>transceudere</strong></span> 
     </span>
    </p>
   </div>
   <div class='ocr_carea' id='block_1_3' title="bbox 437 3116 1491 3199">
    <p class='ocr_par' dir='ltr' id='par_1_6' title="bbox 437 3116 1491 3199">
     <span class='ocr_line' id='line_1_25' title="bbox 437 3116 1491 3199; baseline -0.002 -21"><span class='ocrx_word' id='word_1_206' title='bbox 437 3121 537 3179; x_wconf 87' lang='lat' dir='ltr'><strong>ruinas</strong></span> <span class='ocrx_word' id='word_1_207' title='bbox 566 3123 722 3181; x_wconf 84' lang='lat' dir='ltr'><strong>sensissent</strong></span> <span class='ocrx_word' id='word_1_208' title='bbox 750 3126 915 3193; x_wconf 87' lang='lat' dir='ltr'><strong>Romanos,</strong></span> <span class='ocrx_word' id='word_1_209' title='bbox 947 3143 1001 3199; x_wconf 92' lang='lat' dir='ltr'><strong>per</strong></span> <span class='ocrx_word' id='word_1_210' title='bbox 1028 3125 1196 3198; x_wconf 88' lang='lat' dir='ltr'><strong>impeditum</strong></span> <span class='ocrx_word' id='word_1_211' title='bbox 1227 3141 1261 3180; x_wconf 88' lang='lat' dir='ltr'><strong>ac</strong></span> <span class='ocrx_word' id='word_1_212' title='bbox 1291 3121 1437 3180; x_wconf 83' lang='lat' dir='ltr'><strong>difficilem</strong></span> <span class='ocrx_word' id='word_1_213' title='bbox 1463 3116 1491 3176; x_wconf 88' lang='lat' dir='ltr'><strong>ad</strong></span> 
     </span>
    </p>
   </div>
   <div class='ocr_carea' id='block_1_4' title="bbox 360 3228 1496 4355">
    <p class='ocr_par' dir='ltr' id='par_1_7' title="bbox 407 3228 1491 3409">
     <span class='ocr_line' id='line_1_26' title="bbox 407 3228 1491 3305; baseline -0.006 -18"><span class='ocrx_word' id='word_1_214' title='bbox 407 3232 588 3303; x_wconf 82' lang='lat' dir='ltr'><strong>9receptum</strong></span> <span class='ocrx_word' id='word_1_215' title='bbox 610 3229 704 3286; x_wconf 93' lang='lat' dir='ltr'><strong>locum</strong></span> <span class='ocrx_word' id='word_1_216' title='bbox 728 3230 910 3304; x_wconf 88' lang='lat' dir='ltr'><strong>expulerunt.</strong></span> <span class='ocrx_word' id='word_1_217' title='bbox 953 3228 987 3285; x_wconf 94' lang='lat' dir='ltr'><strong>Id</strong></span> <span class='ocrx_word' id='word_1_218' title='bbox 1012 3230 1113 3286; x_wconf 91' lang='lat' dir='ltr'><strong>consul</strong></span> <span class='ocrx_word' id='word_1_219' title='bbox 1134 3248 1210 3305; x_wconf 88' lang='lat' dir='ltr'><strong>segre</strong></span> <span class='ocrx_word' id='word_1_220' title='bbox 1227 3246 1341 3304; x_wconf 84' lang='lat' dir='ltr'><strong>passus,</strong></span> <span class='ocrx_word' id='word_1_221' title='bbox 1365 3244 1417 3284; x_wconf 90' lang='lat' dir='ltr'><strong>nec</strong></span> <span class='ocrx_word' id='word_1_222' title='bbox 1439 3240 1491 3282; x_wconf 87' lang='lat' dir='ltr'><strong>ean</strong></span> 
     </span>
     <span class='ocr_line' id='line_1_27' title="bbox 440 3326 1490 3409; baseline -0.002 -22"><span class='ocrx_word' id='word_1_223' title='bbox 440 3331 628 3406; x_wconf 89' lang='lat' dir='ltr'><strong>ignominiam</strong></span> <span class='ocrx_word' id='word_1_224' title='bbox 648 3335 685 3390; x_wconf 91' lang='lat' dir='ltr'><strong>ad</strong></span> <span class='ocrx_word' id='word_1_225' title='bbox 708 3334 791 3391; x_wconf 90' lang='lat' dir='ltr'><strong>unius</strong></span> <span class='ocrx_word' id='word_1_226' title='bbox 814 3335 901 3391; x_wconf 91' lang='lat' dir='ltr'><strong>modo</strong></span> <span class='ocrx_word' id='word_1_227' title='bbox 926 3335 1127 3409; x_wconf 80' lang='lat' dir='ltr'><strong>expugnandae</strong></span> <span class='ocrx_word' id='word_1_228' title='bbox 1149 3352 1260 3391; x_wconf 90' lang='lat' dir='ltr'><strong>moram</strong></span> <span class='ocrx_word' id='word_1_229' title='bbox 1282 3333 1373 3404; x_wconf 87' lang='lat' dir='ltr'><strong>urbis,</strong></span> <span class='ocrx_word' id='word_1_230' title='bbox 1394 3331 1443 3389; x_wconf 91' lang='lat' dir='ltr'><strong>sed</strong></span> <span class='ocrx_word' id='word_1_231' title='bbox 1462 3326 1490 3385; x_wconf 87' lang='lat' dir='ltr'><strong>ad</strong></span> 
     </span>
    </p>

    <p class='ocr_par' dir='ltr' id='par_1_8' title="bbox 360 3432 1491 3723">
     <span class='ocr_line' id='line_1_28' title="bbox 360 3432 1490 3514; baseline 0.001 -23"><span class='ocrx_word' id='word_1_232' title='bbox 360 3512 362 3514; x_wconf 15' lang='grc' dir='ltr'>Ι</span> <span class='ocrx_word' id='word_1_233' title='bbox 440 3446 584 3493; x_wconf 85' lang='lat' dir='ltr'><strong>summam</strong></span> <span class='ocrx_word' id='word_1_234' title='bbox 615 3438 741 3495; x_wconf 88' lang='lat' dir='ltr'><strong>universi</strong></span> <span class='ocrx_word' id='word_1_235' title='bbox 772 3438 840 3496; x_wconf 91' lang='lat' dir='ltr'><strong>belli</strong></span> <span class='ocrx_word' id='word_1_236' title='bbox 868 3439 1012 3514; x_wconf 89' lang='lat' dir='ltr'><strong>pertinere</strong></span> <span class='ocrx_word' id='word_1_237' title='bbox 1045 3449 1142 3507; x_wconf 88' lang='lat' dir='ltr'><strong>ratus,</strong></span> <span class='ocrx_word' id='word_1_238' title='bbox 1174 3438 1252 3512; x_wconf 92' lang='lat' dir='ltr'><strong>quod</strong></span> <span class='ocrx_word' id='word_1_239' title='bbox 1285 3456 1323 3495; x_wconf 86' lang='lat' dir='ltr'><strong>ex</strong></span> <span class='ocrx_word' id='word_1_240' title='bbox 1354 3432 1490 3494; x_wconf 77' lang='lat' dir='ltr'><strong>momentis</strong></span> 
     </span>
     <span class='ocr_line' id='line_1_29' title="bbox 388 3543 1491 3618; baseline -0.005 -16"><span class='ocrx_word' id='word_1_241' title='bbox 388 3545 424 3602; x_wconf 85' lang='lat'><strong>¹0</strong></span> <span class='ocrx_word' id='word_1_242' title='bbox 441 3559 596 3615; x_wconf 84' lang='lat' dir='ltr'><strong>parvarum</strong></span> <span class='ocrx_word' id='word_1_243' title='bbox 619 3543 789 3618; x_wconf 87' lang='lat' dir='ltr'><strong>plerumque</strong></span> <span class='ocrx_word' id='word_1_244' title='bbox 810 3563 907 3601; x_wconf 90' lang='lat' dir='ltr'><strong>rerum</strong></span> <span class='ocrx_word' id='word_1_245' title='bbox 929 3543 1076 3618; x_wconf 90' lang='lat' dir='ltr'><strong>penderet,</strong></span> <span class='ocrx_word' id='word_1_246' title='bbox 1098 3552 1223 3618; x_wconf 88' lang='lat' dir='ltr'><strong>purgato</strong></span> <span class='ocrx_word' id='word_1_247' title='bbox 1244 3543 1319 3612; x_wconf 85' lang='lat' dir='ltr'><strong>loco,</strong></span> <span class='ocrx_word' id='word_1_248' title='bbox 1343 3543 1392 3617; x_wconf 93' lang='lat' dir='ltr'><strong>qui</strong></span> <span class='ocrx_word' id='word_1_249' title='bbox 1407 3551 1491 3613; x_wconf 77' lang='lat' dir='ltr'><strong>strage</strong></span> 
     </span>
     <span class='ocr_line' id='line_1_30' title="bbox 439 3645 1490 3723; baseline 0.001 -22"><span class='ocrx_word' id='word_1_250' title='bbox 439 3645 569 3711; x_wconf 85' lang='lat' dir='ltr'><strong>semiruti</strong></span> <span class='ocrx_word' id='word_1_251' title='bbox 581 3649 655 3704; x_wconf 89' lang='lat' dir='ltr'><strong>muri</strong></span> <span class='ocrx_word' id='word_1_252' title='bbox 666 3649 827 3706; x_wconf 89' lang='lat' dir='ltr'><strong>cumulatus</strong></span> <span class='ocrx_word' id='word_1_253' title='bbox 840 3659 912 3718; x_wconf 89' lang='lat' dir='ltr'><strong>erat,</strong></span> <span class='ocrx_word' id='word_1_254' title='bbox 927 3657 1035 3705; x_wconf 88' lang='lat' dir='ltr'><strong>turrem</strong></span> <span class='ocrx_word' id='word_1_255' title='bbox 1047 3647 1171 3722; x_wconf 88' lang='lat' dir='ltr'><strong>ingentis</strong></span> <span class='ocrx_word' id='word_1_256' title='bbox 1183 3646 1352 3717; x_wconf 89' lang='lat' dir='ltr'><strong>altitudinis,</strong></span> <span class='ocrx_word' id='word_1_257' title='bbox 1368 3660 1490 3723; x_wconf 80' lang='lat' dir='ltr'><strong>magnam</strong></span> 
     </span>
    </p>

    <p class='ocr_par' dir='ltr' id='par_1_9' title="bbox 387 3751 1496 4355">
     <span class='ocr_line' id='line_1_31' title="bbox 388 3751 1491 3828; baseline -0.001 -21"><span class='ocrx_word' id='word_1_258' title='bbox 388 3757 421 3814; x_wconf 84' lang='lat' dir='ltr'><strong>ll</strong></span> <span class='ocrx_word' id='word_1_259' title='bbox 438 3751 497 3808; x_wconf 85' lang='lat' dir='ltr'><strong>vim</strong></span> <span class='ocrx_word' id='word_1_260' title='bbox 526 3752 705 3810; x_wconf 87' lang='lat' dir='ltr'><strong>armatorum</strong></span> <span class='ocrx_word' id='word_1_261' title='bbox 736 3754 886 3828; x_wconf 90' lang='lat' dir='ltr'><strong>multiplici</strong></span> <span class='ocrx_word' id='word_1_262' title='bbox 914 3754 1045 3811; x_wconf 90' lang='lat' dir='ltr'><strong>tabulato</strong></span> <span class='ocrx_word' id='word_1_263' title='bbox 1074 3762 1255 3828; x_wconf 85' lang='lat' dir='ltr'><strong>portantem,</strong></span> <span class='ocrx_word' id='word_1_264' title='bbox 1282 3752 1446 3828; x_wconf 84' lang='lat' dir='ltr'><strong>promovit,</strong></span> <span class='ocrx_word' id='word_1_265' title='bbox 1469 3754 1491 3805; x_wconf 87' lang='lat' dir='ltr'><strong>et</strong></span> 
     </span>
     <span class='ocr_line' id='line_1_32' title="bbox 437 3856 1491 3934; baseline -0.001 -21"><span class='ocrx_word' id='word_1_266' title='bbox 437 3856 571 3914; x_wconf 79' lang='lat' dir='ltr'><strong>cohortes</strong></span> <span class='ocrx_word' id='word_1_267' title='bbox 592 3857 621 3914; x_wconf 92' lang='lat' dir='ltr'><strong>in</strong></span> <span class='ocrx_word' id='word_1_268' title='bbox 643 3859 734 3916; x_wconf 88' lang='lat' dir='ltr'><strong>vicem</strong></span> <span class='ocrx_word' id='word_1_269' title='bbox 757 3861 811 3917; x_wconf 93' lang='lat' dir='ltr'><strong>sub</strong></span> <span class='ocrx_word' id='word_1_270' title='bbox 832 3859 939 3934; x_wconf 86' lang='lat' dir='ltr'><strong>signis,</strong></span> <span class='ocrx_word' id='word_1_271' title='bbox 969 3878 1033 3933; x_wconf 85' lang='lat' dir='ltr'><strong>quae</strong></span> <span class='ocrx_word' id='word_1_272' title='bbox 1060 3877 1181 3916; x_wconf 89' lang='lat' dir='ltr'><strong>cuneum</strong></span> <span class='ocrx_word' id='word_1_273' title='bbox 1204 3858 1399 3915; x_wconf 90' lang='lat' dir='ltr'><strong>Macedonum</strong></span> <span class='ocrx_word' id='word_1_274' title='bbox 1420 3856 1491 3932; x_wconf 85' lang='lat' dir='ltr'><strong>(phe-</strong></span> 
     </span>
     <span class='ocr_line' id='line_1_33' title="bbox 437 3961 1490 4040; baseline -0.001 -22"><span class='ocrx_word' id='word_1_275' title='bbox 437 3962 552 4037; x_wconf 89' lang='lat' dir='ltr'><strong>langem</strong></span> <span class='ocrx_word' id='word_1_276' title='bbox 583 3963 639 4037; x_wconf 90' lang='lat' dir='ltr'><strong>ipsi</strong></span> <span class='ocrx_word' id='word_1_277' title='bbox 660 3965 794 4037; x_wconf 80' lang='lat' dir='ltr'><strong>vocant),</strong></span> <span class='ocrx_word' id='word_1_278' title='bbox 820 3965 845 4021; x_wconf 91' lang='lat' dir='ltr'><strong>si</strong></span> <span class='ocrx_word' id='word_1_279' title='bbox 867 3973 1000 4040; x_wconf 87' lang='lat' dir='ltr'><strong>possent,</strong></span> <span class='ocrx_word' id='word_1_280' title='bbox 1028 3965 1058 4022; x_wconf 85' lang='lat' dir='ltr'><strong>vi</strong></span> <span class='ocrx_word' id='word_1_281' title='bbox 1079 3971 1315 4039; x_wconf 88' lang='lat' dir='ltr'><strong>perrumperent,</strong></span> <span class='ocrx_word' id='word_1_282' title='bbox 1345 3961 1490 4020; x_wconf 86' lang='lat' dir='ltr'><strong>emittebat.</strong></span> 
     </span>
     <span class='ocr_line' id='line_1_34' title="bbox 389 4063 1493 4145; baseline 0.004 -20"><span class='ocrx_word' id='word_1_283' title='bbox 389 4070 424 4125; x_wconf 82' lang='lat'><strong>12</strong></span> <span class='ocrx_word' id='word_1_284' title='bbox 437 4066 497 4126; x_wconf 82' lang='lat' dir='ltr'><strong>Sed</strong></span> <span class='ocrx_word' id='word_1_285' title='bbox 513 4067 551 4124; x_wconf 91' lang='lat' dir='ltr'><strong>ad</strong></span> <span class='ocrx_word' id='word_1_286' title='bbox 566 4067 623 4125; x_wconf 90' lang='lat' dir='ltr'><strong>loci</strong></span> <span class='ocrx_word' id='word_1_287' title='bbox 638 4069 795 4144; x_wconf 90' lang='lat' dir='ltr'><strong>angustias,</strong></span> <span class='ocrx_word' id='word_1_288' title='bbox 818 4071 896 4127; x_wconf 90' lang='lat' dir='ltr'><strong>haud</strong></span> <span class='ocrx_word' id='word_1_289' title='bbox 918 4070 976 4127; x_wconf 92' lang='lat' dir='ltr'><strong>late</strong></span> <span class='ocrx_word' id='word_1_290' title='bbox 997 4078 1115 4145; x_wconf 89' lang='lat' dir='ltr'><strong>patente</strong></span> <span class='ocrx_word' id='word_1_291' title='bbox 1136 4066 1289 4124; x_wconf 83' lang='lat' dir='ltr'><strong>intervallo</strong></span> <span class='ocrx_word' id='word_1_292' title='bbox 1301 4064 1400 4126; x_wconf 82' lang='lat' dir='ltr'><strong>‘diruti</strong></span> <span class='ocrx_word' id='word_1_293' title='bbox 1420 4063 1493 4129; x_wconf 61' lang='lat' dir='ltr'><strong>mutis</strong></span> 
     </span>
     <span class='ocr_line' id='line_1_35' title="bbox 387 4165 1493 4250; baseline -0.002 -19"><span class='ocrx_word' id='word_1_294' title='bbox 387 4173 423 4231; x_wconf 89' lang='grc'><strong>13</strong></span> <span class='ocrx_word' id='word_1_295' title='bbox 437 4189 528 4247; x_wconf 89' lang='lat' dir='ltr'><strong>genus</strong></span> <span class='ocrx_word' id='word_1_296' title='bbox 561 4191 706 4230; x_wconf 81' lang='lat' dir='ltr'><strong>armorum</strong></span> <span class='ocrx_word' id='word_1_297' title='bbox 737 4190 900 4248; x_wconf 85' lang='lat' dir='ltr'><strong>pugnaeque</strong></span> <span class='ocrx_word' id='word_1_298' title='bbox 924 4175 1002 4232; x_wconf 91' lang='lat' dir='ltr'><strong>hosti</strong></span> <span class='ocrx_word' id='word_1_299' title='bbox 1029 4175 1126 4250; x_wconf 89' lang='lat' dir='ltr'><strong>aptius</strong></span> <span class='ocrx_word' id='word_1_300' title='bbox 1156 4181 1228 4233; x_wconf 86' lang='lat' dir='ltr'><strong>erat.</strong></span> <span class='ocrx_word' id='word_1_301' title='bbox 1289 4172 1350 4232; x_wconf 87' lang='lat' dir='ltr'><strong>Ubi</strong></span> <span class='ocrx_word' id='word_1_302' title='bbox 1382 4165 1493 4231; x_wconf 70' lang='lat' dir='ltr'><strong>conferti</strong></span> 
     </span>
     <span class='ocr_line' id='line_1_36' title="bbox 436 4266 1496 4355; baseline 0.001 -23"><span class='ocrx_word' id='word_1_303' title='bbox 436 4277 537 4335; x_wconf 89' lang='lat' dir='ltr'><strong>hastas</strong></span> <span class='ocrx_word' id='word_1_304' title='bbox 557 4266 682 4352; x_wconf 89' lang='lat' dir='ltr'><strong>ingentis</strong></span> <span class='ocrx_word' id='word_1_305' title='bbox 702 4278 890 4353; x_wconf 87' lang='lat' dir='ltr'><strong>longitudinis</strong></span> <span class='ocrx_word' id='word_1_306' title='bbox 904 4298 965 4355; x_wconf 78' lang='lat' dir='ltr'><strong>prae</strong></span> <span class='ocrx_word' id='word_1_307' title='bbox 979 4298 1011 4337; x_wconf 93' lang='lat' dir='ltr'><strong>se</strong></span> <span class='ocrx_word' id='word_1_308' title='bbox 1021 4268 1199 4337; x_wconf 77' lang='lat' dir='ltr'><strong>Macedones</strong></span> <span class='ocrx_word' id='word_1_309' title='bbox 1221 4278 1403 4350; x_wconf 86' lang='lat' dir='ltr'><strong>obiecissent,</strong></span> <span class='ocrx_word' id='word_1_310' title='bbox 1424 4273 1496 4334; x_wconf 76' lang='lat' dir='ltr'><strong>vetut</strong></span> 
     </span>
    </p>
   </div>
   <div class='ocr_carea' id='block_1_5' title="bbox 0 0 1746 5025">
    <p class='ocr_par' dir='ltr' id='par_1_10' title="bbox 0 0 1746 5025">
     <span class='ocr_line' id='line_1_37' title="bbox 0 0 1746 5025; baseline 0 6"><span class='ocrx_word' id='word_1_311' title='bbox 0 0 1746 5025; x_wconf 95' lang='lat' dir='ltr'><strong> </strong></span> 
     </span>
    </p>
   </div>
  </div>
 </body>
</html>
