3484 5025
533 565 537 580 ,.
608 518 752 580 bissext.
774 516 1024 583 (acuantur).
1161 501 1163 514 ’
1222 519 1282 577 tlt

264 705 419 780 imperium
448 708 649 775 exsecuturos,
682 704 857 780 ,anlieste
881 695 1024 762 turmes'“'
1042 702 1163 778 inquit,
1184 704 1355 773 „duarumb

265 810 413 885 lemanum
434 811 554 887 equites,
577 820 605 867 et
626 809 782 886 permittite
802 827 894 884 equos
914 810 944 867 in
966 825 1087 868 cuneum
1108 809 1244 878 bostium,
1266 827 1325 884 quo

265 926 385 974 nostros
415 927 525 993 urgent
585 918 622 974 Id
638 934 720 983 ¹eum
753 915 863 973 maiore
895 916 928 973 vi·
954 912 1114 991 [morum]
1143 911 1269 986 ficietis,
1302 916 1348 973 si'

253 1020 425 1080 'effrenatos'
464 1024 494 1082 in
531 1042 586 1081 eos·
621 1040 713 1099 equos
731 1021 926 1094 immittitis,
951 1022 1030 1097 quod
1066 1038 1142 1096 sape
1177 1022 1357 1088 Romanoso

267 1130 380 1203 equites
401 1147 465 1187 cum
487 1148 595 1207 magna
615 1128 701 1187 laude
721 1126 825 1186 fecisse
845 1145 900 1185 sua
920 1126 1066 1185 memoriae
1087 1126 1232 1202 proditum
1256 1132 1325 1186 est.“

267 1236 357 1292 Dicto
386 1248 560 1311 paruerunt,
585 1233 784 1309 detractisque
813 1233 902 1293 ironis
931 1233 977 1291 bis
1002 1232 1078 1290 ultro
1098 1221 1237 1308 citroque
1261 1238 1358 1293 euml

268 1359 377 1416 magna
389 1341 636 1418 strsge'bostium,
657 1339 789 1398 infractis
810 1340 944 1397 omnibus
965 1337 1066 1408 hastis,
1088 1333 1327 1395 bansomrerunt.

268 1441 421 1521 Dissipato
439 1464 541 1517 cuneo,
561 1446 591 1503 in
614 1465 673 1521 quo
695 1447 799 1505 omnis-
811 1464 878 1523 spes
899 1445 1003 1517 iuerat,
1026 1442 1163 1503 Celtiberi
1184 1444 1358 1519 trepidares

269 1562 308 1620 et,
333 1570 430 1627 prope.
452 1551 559 1611 omissa
585 1569 693 1628 pugna,
719 1552 814 1610 locum
836 1552 913 1627 iuga
935 1551 1169 1628 circumspicere3
1195 1560 1224 1608 et
1245 1550 1358 1612 alariitl

270 1659 393 1732 equites,
417 1668 571 1733 postquem
594 1659 792 1716 Romanorum
815 1652 943 1731 equitum
967 1666 1026 1715 tam
1049 1632 1236 1715 memorabile
1256 1656 1328 1714 faci-

269 1782 325 1821 nus
348 1763 463 1832 ridere,
490 1774 520 1820 et
544 1764 601 1838 ipsi
629 1763 734 1821 virtute
758 1779 858 1820 sorum
884 1763 997 1821 accensi
1018 1763 1081 1820 sine
1100 1762 1186 1820 ullius
1206 1762 1328 1837 imperio

270 1870 300 1926 in
334 1870 520 1945 perturbatos
553 1870 612 1926 ism
650 1870 756 1927 hostes
784 1886 875 1943 equos
910 1851 1076 1927 immittunt.
1139 1868 1223 1925 Tunc
1258 1885 1329 1923 vero
1345 1875 1399 1939 ιοΙ

271 1973 409 2035 Celtiberi
433 1994 533 2033 ornnes
556 1975 586 2032 in
606 1975 706 2050 fugam
729 1972 924 2046 effunduntur,
937 2013 939 2019 ,
951 1985 986 2033 et·
1000 1975 1158 2051 imperator
1179 1975 1329 2032 Romanus

271 2099 392 2139 aversos
412 2081 510 2138 hostes
536 2081 757 2157 contemplatus,
778 2081 868 2138 uadem
893 2081 1030 2139 Fortunas
1051 2080 1187 2156 Equestri
1207 2080 1331 2153 Iovique

272 2187 383 2262 optimo
412 2187 541 2243 maximo
568 2188 653 2254 ludos
681 2177 776 2243 vovitss·
816 2185 974 2244 Caeduntur
997 2186 1135 2246 Celtiberi
1159 2204 1212 2262 per
1239 2195 1329 2242 totum
1347 2192 1378 2246 ll

271 2293 378 2349 saltum
401 2292 532 2367 dissipati
552 2291 633 2367 fuga.
675 2293 785 2349 Decem
809 2303 839 2350 et
862 2302 971 2368 septem
996 2292 1086 2350 millia
1106 2292 1231 2350 hostium
1256 2309 1332 2347 emsa
1378 2349 1381 2354 ,

272 2398 379 2460 οοιὶίο
398 2399 560 2469 traduntur,
582 2398 642 2455 vivi
662 2398 740 2473 capti
761 2397 826 2473 plns
847 2398 904 2455 tria
925 2397 1016 2455 millia
1029 2398 1144 2457 ducenti
1159 2416 1222 2456 oum
1242 2395 1331 2471 signis

275 2503 447 2563 militaribus
468 2505 653 2580 septuaginta
673 2514 795 2580 septem,
816 2505 898 2579 equis
919 2524 1012 2582 prope
1033 2504 1119 2591 mille.
1151 2502 1332 2563 Celtiberieis
1348 2507 1382 2564 12

272 2608 377 2669 castris
407 2629 443 2667 eo
471 2611 519 2668 die
546 2611 642 2668 vietor
672 2612 816 2670 exercitus
846 2613 961 2672 mansit.
1018 2611 1160 2670 Victoria·
1181 2629 1240 2668 non
1271 2611 1333 2666 sine

271 2716 387 2773 iactura
419 2714 539 2772 militnm
576 2714 644 2786 iuit3
682 2717 884 2793 quadringenti
916 2717 1101 2794 septinginta
1121 2718 1193 2775 'duo
1229 2716 1383 2776 militasti
1497 2706 1498 2713 ἵ

273 2822 418 2892 Romani,
446 2822 556 2879 socium
587 2839 622 2878 ac
649 2822 745 2880 Latini
774 2824 899 2882 neminie
930 2825 1006 2882 mille
1034 2824 1133 2881 decem
1161 2831 1189 2880 et
1218 2839 1333 2888 novem,

261 2947 339 3003 cum
371 2928 416 2985 bis
449 2927 507 2985 tria
538 2927 628 2984 millia
658 2928 780 2991 militum
817 2909 1035 2989 iutiliarlorum
1069 2931 1224 3006 perierunt.
1285 2927 1333 2983 Ita

273 3019 369 3092 victor
397 3033 539 3092 exercitus
566 3043 709 3090 renovata
737 3035 835 3110 priore
863 3036 957 3110 gloria
978 3039 1175 3094 Tarraconem
1200 3045 1244 3090 est
1268 3051 1332 3108 per·

274 3139 388 3198 ductus.
430 3137 566 3195 Venienti
594 3122 699 3196 Fulvio
726 3139 984 3216 Ti.·Ssmpronius
1014 3150 1136 3217 praetor,
1166 3140 1215 3216 qni
1245 3139 1332 3196 biduo
1349 3146 1402 3200 14·

274 3252 344 3302 ante
362 3253 497 3313 venerat,
526 3245 643 3302 obviam
664 3246 819 3320 processit,
847 3247 1067 3322 gratulatusque
1088 3247 1145 3318 est,
1173 3246 1251 3321 quod
1271 3262 1331 3302 rem

233 3351 235 3355 ’
274 3350 421 3426 publicam
456 3351 571 3426 egregie
602 3351 746 3425 gessisset.
794 3351 867 3410 Cum
906 3368 1020 3410 summa
1055 3353 1224 3421 concordie,
1261 3368 1333 3424 quos

275 3455 452 3514 dimitterent
479 3473 614 3530 quosque
642 3458 796 3515 retinerent
823 3458 942 3528 milites,
974 3441 1228 3535 composuerunt
1262 3457 1334 3513 Inde
1351 3439 1384 3516 lb

275 3561 409 3630 Fulvius,
434 3564 630 3629 exauctoratis
651 3555 788 3620 militibus
809 3563 838 3619 in
859 3581 951 3621 neves
970 3563 1123 3641 impositis,
1143 3564 1269 3622 Romam
1291 3571 1335 3619 est
1361 3597 1364 3602 -

277 3665 434 3743 profectus,
455 3663 643 3742 Sempronius
664 3667 695 3724 in
716 3666 901 3727 Celtiberiam
924 3670 1052 3746 legiones
1075 3671 1167 3729 duxit.

361 3762 502 3830 Consules
530 3773 618 3829 ambo
641 3771 671 3829 in
693 3773 816 3848 Ligures
842 3774 985 3832 exercitus
1010 3775 1185 3833 induxerunt
1214 3775 1335 3832 diversis
1387 3768 1426 3839 41

276 3878 419 3954 partibus.
464 3878 633 3936 Postumius
653 3879 749 3954 prima
776 3887 802 3936 et
828 3879 915 3937 tertia
941 3881 1055 3956 legione
1077 3881 1228 3939 Ballistam
1253 3881 1365 3940 Suis-2

278 3983 478 4062 montiumque
508 3971 622 4042 montes
649 3984 776 4053 obsedit,
804 3995 834 4042 et
854 3987 1014 4060 premendo
1036 3987 1176 4063 presidiis
1197 3996 1335 4062 angustos

277 4091 370 4148 saltus
391 4107 491 4146 eorum
512 4097 690 4147 commeatus
710 4089 883 4161 interclusit,
910 4091 1068 4166 inopiaque
1089 4094 1216 4151 omnium
1240 4111 1335 4150 rerum

279 4215 330 4253 eos
353 4193 528 4271 perdomuit
581 4193 703 4252 Fulvius
723 4196 850 4253 secunda
871 4205 899 4253 et
917 4206 1022 4271 quarta
1043 4197 1156 4273 legione
1177 4199 1296 4256 adortus
1318 4199 1366 4256 ad
1454 4223 1455 4227 ¹

277 4301 357 4361 Pisis
384 4302 528 4376 Apuanos
558 4299 698 4375 Ligures,
731 4300 780 4375 qui
814 4318 913 4358 eorum
947 4302 1024 4361 circa
1053 4303 1185 4361 Matrem
1217 4305 1334 4363 fluvium
