<?xml version="1.0" encoding="UTF-8"?>
<!DOCTYPE html PUBLIC "-//W3C//DTD XHTML 1.0 Transitional//EN"
    "http://www.w3.org/TR/xhtml1/DTD/xhtml1-transitional.dtd">
<html xmlns="http://www.w3.org/1999/xhtml" xml:lang="en" lang="en">
 <head>
  <title>
</title>
<meta http-equiv="Content-Type" content="text/html;charset=utf-8" />
  <meta name='ocr-system' content='tesseract 3.04.00' />
  <meta name='ocr-capabilities' content='ocr_page ocr_carea ocr_par ocr_line ocrx_word'/>
</head>
<body>
  <div class='ocr_page' id='page_1' title='image "./titiliviihistor00ussigoog_0500.png"; bbox 0 0 3484 5025; ppageno 0'>
   <div class='ocr_carea' id='block_1_1' title="bbox 472 509 1161 598">
    <p class='ocr_par' dir='ltr' id='par_1_1' title="bbox 472 509 1161 598">
     <span class='ocr_line' id='line_1_1' title="bbox 472 509 1161 598; baseline -0.013 -29"><span class='ocrx_word' id='word_1_1' title='bbox 472 513 532 569; x_wconf 82' lang='lat'>212</span> <span class='ocrx_word' id='word_1_2' title='bbox 572 577 576 592; x_wconf 25' lang='grc' dir='ltr'>ι</span> <span class='ocrx_word' id='word_1_3' title='bbox 764 511 842 561; x_wconf 82' lang='lat' dir='ltr'>Liber</span> <span class='ocrx_word' id='word_1_4' title='bbox 857 510 915 598; x_wconf 89' lang='lat' dir='ltr'>XL.</span> <span class='ocrx_word' id='word_1_5' title='bbox 951 509 1034 575; x_wconf 62' lang='lat' dir='ltr'>(Am.</span> <span class='ocrx_word' id='word_1_6' title='bbox 1046 526 1071 565; x_wconf 84' lang='lat' dir='ltr'>c.</span> <span class='ocrx_word' id='word_1_7' title='bbox 1086 511 1161 570; x_wconf 77' lang='lat' dir='ltr'>sta.)</span> 
     </span>
    </p>
   </div>
   <div class='ocr_carea' id='block_1_2' title="bbox 321 694 1524 3833">
    <p class='ocr_par' dir='ltr' id='par_1_2' title="bbox 380 694 1479 982">
     <span class='ocr_line' id='line_1_2' title="bbox 380 694 1479 771; baseline 0.002 -20"><span class='ocrx_word' id='word_1_8' title='bbox 380 696 417 751; x_wconf 79' lang='lat'>14</span> <span class='ocrx_word' id='word_1_9' title='bbox 430 696 495 753; x_wconf 78' lang='lat' dir='ltr'>Vise</span> <span class='ocrx_word' id='word_1_10' title='bbox 516 696 553 752; x_wconf 87' lang='lat' dir='ltr'>ad</span> <span class='ocrx_word' id='word_1_11' title='bbox 577 705 699 752; x_wconf 84' lang='lat' dir='ltr'>mortem</span> <span class='ocrx_word' id='word_1_12' title='bbox 720 697 765 753; x_wconf 81' lang='lat' dir='ltr'>lue</span> <span class='ocrx_word' id='word_1_13' title='bbox 786 707 868 765; x_wconf 80' lang='lat' dir='ltr'>sunt3</span> <span class='ocrx_word' id='word_1_14' title='bbox 896 715 955 771; x_wconf 88' lang='lat' dir='ltr'>qua</span> <span class='ocrx_word' id='word_1_15' title='bbox 977 714 1123 771; x_wconf 87' lang='lat' dir='ltr'>quemque</span> <span class='ocrx_word' id='word_1_16' title='bbox 1146 697 1265 753; x_wconf 85' lang='lat' dir='ltr'>animus</span> <span class='ocrx_word' id='word_1_17' title='bbox 1287 695 1360 767; x_wconf 78' lang='lat' dir='ltr'>fert,</span> <span class='ocrx_word' id='word_1_18' title='bbox 1385 694 1479 771; x_wconf 77' lang='lat' dir='ltr'>effugite</span> 
     </span>
     <span class='ocr_line' id='line_1_3' title="bbox 429 800 1478 877; baseline -0.002 -19"><span class='ocrx_word' id='word_1_19' title='bbox 429 800 594 875; x_wconf 80' lang='lat' dir='ltr'><strong>superbiam</strong></span> <span class='ocrx_word' id='word_1_20' title='bbox 617 802 737 876; x_wconf 87' lang='lat' dir='ltr'>regiam.</span> <span class='ocrx_word' id='word_1_21' title='bbox 781 802 885 877; x_wconf 83' lang='lat' dir='ltr'>Agite,</span> <span class='ocrx_word' id='word_1_22' title='bbox 906 802 1023 859; x_wconf 87' lang='lat' dir='ltr'>iuvenes</span> <span class='ocrx_word' id='word_1_23' title='bbox 1045 803 1116 873; x_wconf 84' lang='lat' dir='ltr'>mei,</span> <span class='ocrx_word' id='word_1_24' title='bbox 1139 801 1286 877; x_wconf 87' lang='lat' dir='ltr'>primum,</span> <span class='ocrx_word' id='word_1_25' title='bbox 1309 801 1358 876; x_wconf 91' lang='lat' dir='ltr'>qui</span> <span class='ocrx_word' id='word_1_26' title='bbox 1379 801 1478 857; x_wconf 85' lang='lat' dir='ltr'>maiores</span> 
     </span>
     <span class='ocr_line' id='line_1_4' title="bbox 430 904 1477 982; baseline 0.002 -19"><span class='ocrx_word' id='word_1_27' title='bbox 430 907 508 976; x_wconf 74' lang='lat' dir='ltr'>estis,</span> <span class='ocrx_word' id='word_1_28' title='bbox 534 908 629 981; x_wconf 85' lang='lat' dir='ltr'>eapite</span> <span class='ocrx_word' id='word_1_29' title='bbox 645 906 752 963; x_wconf 82' lang='lat' dir='ltr'>ferrum</span> <span class='ocrx_word' id='word_1_30' title='bbox 772 918 823 964; x_wconf 91' lang='lat' dir='ltr'>aut</span> <span class='ocrx_word' id='word_1_31' title='bbox 833 907 947 964; x_wconf 84' lang='lat' dir='ltr'>haurite</span> <span class='ocrx_word' id='word_1_32' title='bbox 958 904 1103 981; x_wconf 84' lang='lat' dir='ltr'>poculum,</span> <span class='ocrx_word' id='word_1_33' title='bbox 1120 906 1145 963; x_wconf 91' lang='lat' dir='ltr'>si</span> <span class='ocrx_word' id='word_1_34' title='bbox 1162 907 1284 982; x_wconf 81' lang='lat' dir='ltr'>segnior</span> <span class='ocrx_word' id='word_1_35' title='bbox 1300 925 1378 964; x_wconf 90' lang='lat' dir='ltr'>mors</span> <span class='ocrx_word' id='word_1_36' title='bbox 1390 907 1477 965; x_wconf 77' lang='lat' dir='ltr'>iuvat·</span> 
     </span>
    </p>

    <p class='ocr_par' dir='ltr' id='par_1_3' title="bbox 382 1011 1479 1408">
     <span class='ocr_line' id='line_1_5' title="bbox 382 1011 1478 1070; baseline -0.002 -1"><span class='ocrx_word' id='word_1_37' title='bbox 382 1012 478 1069; x_wconf 78' lang='lat' dir='ltr'>let-</span> <span class='ocrx_word' id='word_1_38' title='bbox 491 1014 589 1070; x_wconf 85' lang='lat' dir='ltr'>hostes</span> <span class='ocrx_word' id='word_1_39' title='bbox 611 1013 733 1070; x_wconf 87' lang='lat' dir='ltr'>aderant</span> <span class='ocrx_word' id='word_1_40' title='bbox 763 1024 792 1070; x_wconf 88' lang='lat' dir='ltr'>et</span> <span class='ocrx_word' id='word_1_41' title='bbox 818 1024 921 1070; x_wconf 82' lang='lat' dir='ltr'>auctor</span> <span class='ocrx_word' id='word_1_42' title='bbox 950 1012 1050 1069; x_wconf 87' lang='lat' dir='ltr'>mortis</span> <span class='ocrx_word' id='word_1_43' title='bbox 1077 1013 1218 1069; x_wconf 85' lang='lat' dir='ltr'>instabat.</span> <span class='ocrx_word' id='word_1_44' title='bbox 1270 1012 1334 1070; x_wconf 88' lang='lat' dir='ltr'>Alii</span> <span class='ocrx_word' id='word_1_45' title='bbox 1361 1011 1412 1068; x_wconf 82' lang='lat' dir='ltr'>alio</span> <span class='ocrx_word' id='word_1_46' title='bbox 1435 1011 1478 1067; x_wconf 84' lang='lat' dir='ltr'>leto</span> 
     </span>
     <span class='ocr_line' id='line_1_6' title="bbox 431 1117 1478 1203; baseline -0.002 -29"><span class='ocrx_word' id='word_1_47' title='bbox 431 1118 577 1203; x_wconf 77' lang='lat' dir='ltr'><strong>absumpti</strong></span> <span class='ocrx_word' id='word_1_48' title='bbox 599 1119 781 1175; x_wconf 80' lang='lat' dir='ltr'>semianimes</span> <span class='ocrx_word' id='word_1_49' title='bbox 803 1138 819 1174; x_wconf 91' lang='lat' dir='ltr'>e</span> <span class='ocrx_word' id='word_1_50' title='bbox 841 1137 916 1174; x_wconf 90' lang='lat' dir='ltr'>nave</span> <span class='ocrx_word' id='word_1_51' title='bbox 937 1117 1169 1193; x_wconf 82' lang='lat' dir='ltr'>praecipitautur3</span> <span class='ocrx_word' id='word_1_52' title='bbox 1196 1119 1264 1193; x_wconf 87' lang='lat' dir='ltr'>ipsa</span> <span class='ocrx_word' id='word_1_53' title='bbox 1286 1118 1388 1175; x_wconf 86' lang='lat' dir='ltr'>deinde</span> <span class='ocrx_word' id='word_1_54' title='bbox 1406 1118 1478 1173; x_wconf 86' lang='lat' dir='ltr'>virum</span> 
     </span>
     <span class='ocr_line' id='line_1_7' title="bbox 431 1223 1479 1306; baseline -0.003 -25"><span class='ocrx_word' id='word_1_55' title='bbox 431 1224 565 1281; x_wconf 90' lang='lat' dir='ltr'>comitem</span> <span class='ocrx_word' id='word_1_56' title='bbox 588 1224 689 1281; x_wconf 88' lang='lat' dir='ltr'>mortis</span> <span class='ocrx_word' id='word_1_57' title='bbox 711 1224 865 1299; x_wconf 85' lang='lat' dir='ltr'>complexa</span> <span class='ocrx_word' id='word_1_58' title='bbox 892 1223 922 1306; x_wconf 86' lang='lat' dir='ltr'>in</span> <span class='ocrx_word' id='word_1_59' title='bbox 949 1241 1033 1288; x_wconf 83' lang='lat' dir='ltr'>mare</span> <span class='ocrx_word' id='word_1_60' title='bbox 1059 1241 1124 1281; x_wconf 89' lang='lat' dir='ltr'>sese</span> <span class='ocrx_word' id='word_1_61' title='bbox 1151 1224 1272 1293; x_wconf 88' lang='lat' dir='ltr'>deiecit;</span> <span class='ocrx_word' id='word_1_62' title='bbox 1306 1241 1380 1279; x_wconf 87' lang='lat' dir='ltr'>nave</span> <span class='ocrx_word' id='word_1_63' title='bbox 1405 1240 1479 1279; x_wconf 85' lang='lat' dir='ltr'>vacua</span> 
     </span>
     <span class='ocr_line' id='line_1_8' title="bbox 430 1329 857 1408; baseline 0.002 -24"><span class='ocrx_word' id='word_1_64' title='bbox 430 1329 555 1386; x_wconf 88' lang='lat' dir='ltr'>dominis</span> <span class='ocrx_word' id='word_1_65' title='bbox 578 1330 651 1404; x_wconf 88' lang='lat' dir='ltr'>regii</span> <span class='ocrx_word' id='word_1_66' title='bbox 671 1329 756 1404; x_wconf 87' lang='lat' dir='ltr'>potiti</span> <span class='ocrx_word' id='word_1_67' title='bbox 777 1340 857 1408; x_wconf 22' lang='lat' dir='ltr'>sunt..</span> 
     </span>
    </p>

    <p class='ocr_par' dir='ltr' id='par_1_4' title="bbox 336 1427 1479 1719">
     <span class='ocr_line' id='line_1_9' title="bbox 336 1427 1478 1510; baseline -0.002 -18"><span class='ocrx_word' id='word_1_68' title='bbox 336 1427 373 1510; x_wconf 37' lang='lat' dir='ltr'>b,</span> <span class='ocrx_word' id='word_1_69' title='bbox 514 1435 611 1492; x_wconf 91' lang='lat' dir='ltr'>Huius</span> <span class='ocrx_word' id='word_1_70' title='bbox 646 1435 784 1491; x_wconf 82' lang='lat' dir='ltr'>atrocitas</span> <span class='ocrx_word' id='word_1_71' title='bbox 820 1433 958 1491; x_wconf 84' lang='lat' dir='ltr'>facinoris</span> <span class='ocrx_word' id='word_1_72' title='bbox 991 1452 1098 1490; x_wconf 88' lang='lat' dir='ltr'>novam</span> <span class='ocrx_word' id='word_1_73' title='bbox 1134 1434 1216 1491; x_wconf 89' lang='lat' dir='ltr'>velut</span> <span class='ocrx_word' id='word_1_74' title='bbox 1248 1435 1397 1491; x_wconf 87' lang='lat' dir='ltr'>flammam</span> <span class='ocrx_word' id='word_1_75' title='bbox 1422 1432 1478 1506; x_wconf 56' lang='grc' dir='ltr'>περὶ</span> 
     </span>
     <span class='ocr_line' id='line_1_10' title="bbox 430 1539 1478 1615; baseline -0.004 -19"><span class='ocrx_word' id='word_1_76' title='bbox 430 1541 547 1598; x_wconf 78' lang='lat' dir='ltr'>invidia</span> <span class='ocrx_word' id='word_1_77' title='bbox 585 1540 705 1609; x_wconf 87' lang='lat' dir='ltr'>adiecit,</span> <span class='ocrx_word' id='word_1_78' title='bbox 744 1552 776 1596; x_wconf 88' lang='lat' dir='ltr'>ut</span> <span class='ocrx_word' id='word_1_79' title='bbox 810 1540 899 1615; x_wconf 84' lang='lat' dir='ltr'>vulgo</span> <span class='ocrx_word' id='word_1_80' title='bbox 935 1541 1029 1614; x_wconf 89' lang='lat' dir='ltr'>ipsum</span> <span class='ocrx_word' id='word_1_81' title='bbox 1064 1539 1234 1614; x_wconf 87' lang='lat' dir='ltr'>liberosque</span> <span class='ocrx_word' id='word_1_82' title='bbox 1271 1547 1478 1603; x_wconf 63' lang='lat' dir='ltr'>exsecramentum</span> 
     </span>
     <span class='ocr_line' id='line_1_11' title="bbox 432 1644 1479 1719; baseline -0.004 -16"><span class='ocrx_word' id='word_1_83' title='bbox 432 1664 496 1719; x_wconf 80' lang='lat' dir='ltr'>quse</span> <span class='ocrx_word' id='word_1_84' title='bbox 520 1647 590 1703; x_wconf 82' lang='lat' dir='ltr'>dirae</span> <span class='ocrx_word' id='word_1_85' title='bbox 613 1646 696 1703; x_wconf 89' lang='lat' dir='ltr'>brevi</span> <span class='ocrx_word' id='word_1_86' title='bbox 727 1646 764 1703; x_wconf 91' lang='lat' dir='ltr'>ab</span> <span class='ocrx_word' id='word_1_87' title='bbox 793 1646 927 1702; x_wconf 89' lang='lat' dir='ltr'>omuibus</span> <span class='ocrx_word' id='word_1_88' title='bbox 957 1646 1011 1702; x_wconf 90' lang='lat' dir='ltr'>diis</span> <span class='ocrx_word' id='word_1_89' title='bbox 1040 1644 1202 1715; x_wconf 70' lang='lat' dir='ltr'>exaudita,</span> <span class='ocrx_word' id='word_1_90' title='bbox 1236 1655 1271 1703; x_wconf 89' lang='lat' dir='ltr'>ut</span> <span class='ocrx_word' id='word_1_91' title='bbox 1300 1645 1479 1718; x_wconf 84' lang='lat' dir='ltr'>saevirot&#39;ipss</span> 
     </span>
    </p>

    <p class='ocr_par' dir='ltr' id='par_1_5' title="bbox 399 1748 1482 2143">
     <span class='ocr_line' id='line_1_12' title="bbox 399 1748 1479 1827; baseline -0.002 -19"><span class='ocrx_word' id='word_1_92' title='bbox 399 1750 460 1808; x_wconf 86' lang='lat' dir='ltr'>2iu</span> <span class='ocrx_word' id='word_1_93' title='bbox 481 1769 565 1807; x_wconf 91' lang='lat' dir='ltr'>suum</span> <span class='ocrx_word' id='word_1_94' title='bbox 587 1752 772 1826; x_wconf 78' lang='lat' dir='ltr'>sanguinem,</span> <span class='ocrx_word' id='word_1_95' title='bbox 800 1748 965 1808; x_wconf 84' lang='lat' dir='ltr'>effecerunt.</span> <span class='ocrx_word' id='word_1_96' title='bbox 1021 1753 1147 1810; x_wconf 85' lang='lat' dir='ltr'>Perseus</span> <span class='ocrx_word' id='word_1_97' title='bbox 1173 1752 1251 1807; x_wconf 89' lang='lat' dir='ltr'>enim</span> <span class='ocrx_word' id='word_1_98' title='bbox 1279 1771 1369 1827; x_wconf 91' lang='lat' dir='ltr'>quum</span> <span class='ocrx_word' id='word_1_99' title='bbox 1391 1753 1418 1808; x_wconf 90' lang='lat' dir='ltr'>iu</span> <span class='ocrx_word' id='word_1_100' title='bbox 1435 1749 1479 1806; x_wconf 86' lang='lat' dir='ltr'>dies</span> 
     </span>
     <span class='ocr_line' id='line_1_13' title="bbox 431 1834 1480 1931; baseline -0.001 -20"><span class='ocrx_word' id='word_1_101' title='bbox 431 1856 524 1931; x_wconf 88' lang='lat' dir='ltr'>magis</span> <span class='ocrx_word' id='word_1_102' title='bbox 558 1866 687 1914; x_wconf 85' lang='lat' dir='ltr'>cerneret</span> <span class='ocrx_word' id='word_1_103' title='bbox 721 1856 853 1913; x_wconf 84' lang='lat' dir='ltr'>favorem</span> <span class='ocrx_word' id='word_1_104' title='bbox 877 1868 905 1912; x_wconf 89' lang='lat' dir='ltr'>et</span> <span class='ocrx_word' id='word_1_105' title='bbox 931 1857 1099 1931; x_wconf 88' lang='lat' dir='ltr'>dignitatem</span> <span class='ocrx_word' id='word_1_106' title='bbox 1128 1857 1276 1914; x_wconf 80' lang='lat' dir='ltr'>Demetrii</span> <span class='ocrx_word' id='word_1_107' title='bbox 1303 1857 1401 1915; x_wconf 81' lang='lat' dir='ltr'>fratris</span> <span class='ocrx_word' id='word_1_108' title='bbox 1423 1834 1480 1930; x_wconf 81' lang='lat' dir='ltr'>apul</span> 
     </span>
     <span class='ocr_line' id='line_1_14' title="bbox 431 1961 1481 2037; baseline 0.001 -20"><span class='ocrx_word' id='word_1_109' title='bbox 431 1962 642 2019; x_wconf 86' lang='lat' dir='ltr'>multitudinem</span> <span class='ocrx_word' id='word_1_110' title='bbox 664 1961 858 2019; x_wconf 80' lang='lat' dir='ltr'>Macedonum</span> <span class='ocrx_word' id='word_1_111' title='bbox 883 1980 1012 2019; x_wconf 88' lang='lat' dir='ltr'>crescere</span> <span class='ocrx_word' id='word_1_112' title='bbox 1040 1973 1069 2019; x_wconf 91' lang='lat' dir='ltr'>et</span> <span class='ocrx_word' id='word_1_113' title='bbox 1089 1961 1215 2037; x_wconf 87' lang='lat' dir='ltr'>gratiam</span> <span class='ocrx_word' id='word_1_114' title='bbox 1241 1964 1326 2037; x_wconf 85' lang='lat' dir='ltr'>apud</span> <span class='ocrx_word' id='word_1_115' title='bbox 1346 1965 1481 2027; x_wconf 75' lang='lat' dir='ltr'>Romanos,</span> 
     </span>
     <span class='ocr_line' id='line_1_15' title="bbox 432 2061 1482 2143; baseline -0.005 -20"><span class='ocrx_word' id='word_1_116' title='bbox 432 2068 488 2124; x_wconf 89' lang='lat' dir='ltr'>sibi</span> <span class='ocrx_word' id='word_1_117' title='bbox 509 2086 590 2143; x_wconf 87' lang='lat' dir='ltr'>spem</span> <span class='ocrx_word' id='word_1_118' title='bbox 610 2068 720 2125; x_wconf 92' lang='lat' dir='ltr'>nullam</span> <span class='ocrx_word' id='word_1_119' title='bbox 742 2066 824 2142; x_wconf 83' lang='lat' dir='ltr'>regni</span> <span class='ocrx_word' id='word_1_120' title='bbox 845 2085 996 2141; x_wconf 84' lang='lat' dir='ltr'>superesse</span> <span class='ocrx_word' id='word_1_121' title='bbox 1017 2068 1071 2125; x_wconf 90' lang='lat' dir='ltr'>uisi</span> <span class='ocrx_word' id='word_1_122' title='bbox 1099 2068 1129 2124; x_wconf 91' lang='lat' dir='ltr'>in</span> <span class='ocrx_word' id='word_1_123' title='bbox 1151 2068 1263 2126; x_wconf 88' lang='lat' dir='ltr'>scelere</span> <span class='ocrx_word' id='word_1_124' title='bbox 1285 2078 1384 2135; x_wconf 77' lang='lat' dir='ltr'>ratus,</span> <span class='ocrx_word' id='word_1_125' title='bbox 1412 2064 1444 2121; x_wconf 88' lang='lat' dir='ltr'>ad</span> <span class='ocrx_word' id='word_1_126' title='bbox 1462 2061 1482 2118; x_wconf 86' lang='lat' dir='ltr'>il</span> 
     </span>
    </p>

    <p class='ocr_par' dir='ltr' id='par_1_6' title="bbox 401 2166 1485 2670">
     <span class='ocr_line' id='line_1_16' title="bbox 402 2166 1483 2249; baseline -0.006 -18"><span class='ocrx_word' id='word_1_127' title='bbox 402 2176 520 2231; x_wconf 86' lang='lat' dir='ltr'>3unum</span> <span class='ocrx_word' id='word_1_128' title='bbox 544 2192 644 2230; x_wconf 90' lang='lat' dir='ltr'>omnes</span> <span class='ocrx_word' id='word_1_129' title='bbox 666 2174 856 2249; x_wconf 87' lang='lat' dir='ltr'>cogitationes</span> <span class='ocrx_word' id='word_1_130' title='bbox 877 2172 1008 2247; x_wconf 80' lang='lat' dir='ltr'>intendit.</span> <span class='ocrx_word' id='word_1_131' title='bbox 1058 2171 1193 2230; x_wconf 86' lang='lat' dir='ltr'>Ceterum</span> <span class='ocrx_word' id='word_1_132' title='bbox 1226 2192 1319 2248; x_wconf 87' lang='lat' dir='ltr'>quum</span> <span class='ocrx_word' id='word_1_133' title='bbox 1349 2190 1383 2229; x_wconf 86' lang='lat' dir='ltr'>se</span> <span class='ocrx_word' id='word_1_134' title='bbox 1407 2166 1483 2227; x_wconf 85' lang='lat' dir='ltr'>nssl</span> 
     </span>
     <span class='ocr_line' id='line_1_17' title="bbox 432 2277 1484 2354; baseline -0.004 -20"><span class='ocrx_word' id='word_1_135' title='bbox 432 2278 462 2334; x_wconf 90' lang='lat' dir='ltr'>id</span> <span class='ocrx_word' id='word_1_136' title='bbox 494 2280 626 2353; x_wconf 76' lang='lat' dir='ltr'>quidem,</span> <span class='ocrx_word' id='word_1_137' title='bbox 667 2279 747 2354; x_wconf 89' lang='lat' dir='ltr'>quod</span> <span class='ocrx_word' id='word_1_138' title='bbox 785 2278 918 2335; x_wconf 91' lang='lat' dir='ltr'>muliebri</span> <span class='ocrx_word' id='word_1_139' title='bbox 953 2280 1101 2354; x_wconf 86' lang='lat' dir='ltr'>cogitabat</span> <span class='ocrx_word' id='word_1_140' title='bbox 1134 2280 1248 2347; x_wconf 78' lang='lat' dir='ltr'>animo,</span> <span class='ocrx_word' id='word_1_141' title='bbox 1288 2277 1361 2335; x_wconf 87' lang='lat' dir='ltr'>satis</span> <span class='ocrx_word' id='word_1_142' title='bbox 1393 2295 1440 2351; x_wconf 90' lang='lat' dir='ltr'>per</span> <span class='ocrx_word' id='word_1_143' title='bbox 1463 2290 1484 2329; x_wconf 84' lang='lat' dir='ltr'>ss</span> 
     </span>
     <span class='ocr_line' id='line_1_18' title="bbox 432 2381 1485 2458; baseline -0.005 -18"><span class='ocrx_word' id='word_1_144' title='bbox 432 2384 561 2441; x_wconf 88' lang='lat' dir='ltr'>validum</span> <span class='ocrx_word' id='word_1_145' title='bbox 581 2386 718 2452; x_wconf 80' lang='lat' dir='ltr'>crederet,</span> <span class='ocrx_word' id='word_1_146' title='bbox 740 2383 869 2457; x_wconf 85' lang='lat' dir='ltr'>singulos</span> <span class='ocrx_word' id='word_1_147' title='bbox 893 2382 1050 2440; x_wconf 88' lang='lat' dir='ltr'>amicorum</span> <span class='ocrx_word' id='word_1_148' title='bbox 1074 2384 1164 2458; x_wconf 88' lang='lat' dir='ltr'>patris</span> <span class='ocrx_word' id='word_1_149' title='bbox 1187 2394 1305 2456; x_wconf 79' lang='lat' dir='ltr'>tentare</span> <span class='ocrx_word' id='word_1_150' title='bbox 1327 2381 1485 2439; x_wconf 85' lang='lat' dir='ltr'>sermonibus</span> 
     </span>
     <span class='ocr_line' id='line_1_19' title="bbox 401 2486 1485 2566; baseline -0.006 -17"><span class='ocrx_word' id='word_1_151' title='bbox 401 2490 577 2566; x_wconf 80' lang='lat' dir='ltr'>4perplexis</span> <span class='ocrx_word' id='word_1_152' title='bbox 598 2490 709 2549; x_wconf 86' lang='lat' dir='ltr'>institit.</span> <span class='ocrx_word' id='word_1_153' title='bbox 760 2489 800 2546; x_wconf 85' lang='lat' dir='ltr'>Et</span> <span class='ocrx_word' id='word_1_154' title='bbox 821 2489 915 2563; x_wconf 84' lang='lat' dir='ltr'>pn&#39;mo</span> <span class='ocrx_word' id='word_1_155' title='bbox 938 2490 1055 2564; x_wconf 85' lang='lat' dir='ltr'>quidam</span> <span class='ocrx_word' id='word_1_156' title='bbox 1079 2509 1115 2547; x_wconf 89' lang='lat' dir='ltr'>ex</span> <span class='ocrx_word' id='word_1_157' title='bbox 1136 2491 1181 2548; x_wconf 88' lang='lat' dir='ltr'>his</span> <span class='ocrx_word' id='word_1_158' title='bbox 1204 2490 1424 2566; x_wconf 81' lang='lat' dir='ltr'>aspernantium</span> <span class='ocrx_word' id='word_1_159' title='bbox 1444 2486 1485 2545; x_wconf 86' lang='lat' dir='ltr'>tals</span> 
     </span>
     <span class='ocr_line' id='line_1_20' title="bbox 432 2582 1485 2670; baseline -0.002 -19"><span class='ocrx_word' id='word_1_160' title='bbox 432 2596 587 2669; x_wconf 88' lang='lat' dir='ltr'>quicquam</span> <span class='ocrx_word' id='word_1_161' title='bbox 619 2597 801 2670; x_wconf 87' lang='lat' dir='ltr'>praebuerunt</span> <span class='ocrx_word' id='word_1_162' title='bbox 832 2595 971 2669; x_wconf 78' lang='lat' dir='ltr'>speciem,</span> <span class='ocrx_word' id='word_1_163' title='bbox 1008 2596 1076 2669; x_wconf 90' lang='lat' dir='ltr'>quia</span> <span class='ocrx_word' id='word_1_164' title='bbox 1108 2596 1173 2670; x_wconf 91' lang='lat' dir='ltr'>plus</span> <span class='ocrx_word' id='word_1_165' title='bbox 1203 2582 1242 2652; x_wconf 39' lang='lat' dir='ltr'>in⁸</span> <span class='ocrx_word' id='word_1_166' title='bbox 1264 2596 1417 2654; x_wconf 89' lang='lat' dir='ltr'>Demetrio</span> <span class='ocrx_word' id='word_1_167' title='bbox 1440 2591 1485 2668; x_wconf 83' lang='lat' dir='ltr'>spei</span> 
     </span>
    </p>

    <p class='ocr_par' dir='ltr' id='par_1_7' title="bbox 401 2682 1485 2792">
     <span class='ocr_line' id='line_1_21' title="bbox 401 2682 1485 2792; baseline -0.001 -36"><span class='ocrx_word' id='word_1_168' title='bbox 401 2708 418 2760; x_wconf 84' lang='lat'>5</span> <span class='ocrx_word' id='word_1_169' title='bbox 431 2702 594 2774; x_wconf 83' lang='lat' dir='ltr'>ponebant3</span> <span class='ocrx_word' id='word_1_170' title='bbox 626 2702 729 2758; x_wconf 91' lang='lat' dir='ltr'>deinde</span> <span class='ocrx_word' id='word_1_171' title='bbox 750 2682 896 2792; x_wconf 67' lang='lat' dir='ltr'>crescente</span> <span class='ocrx_word' id='word_1_172' title='bbox 917 2701 947 2756; x_wconf 90' lang='lat' dir='ltr'>in</span> <span class='ocrx_word' id='word_1_173' title='bbox 968 2701 1029 2758; x_wconf 91' lang='lat' dir='ltr'>dies</span> <span class='ocrx_word' id='word_1_174' title='bbox 1052 2701 1180 2776; x_wconf 91' lang='lat' dir='ltr'>Philippi</span> <span class='ocrx_word' id='word_1_175' title='bbox 1203 2703 1274 2759; x_wconf 90' lang='lat' dir='ltr'>odio</span> <span class='ocrx_word' id='word_1_176' title='bbox 1297 2704 1328 2759; x_wconf 92' lang='lat' dir='ltr'>in</span> <span class='ocrx_word' id='word_1_177' title='bbox 1347 2705 1485 2766; x_wconf 72' lang='lat' dir='ltr'>Romanos,</span> 
     </span>
    </p>

    <p class='ocr_par' dir='ltr' id='par_1_8' title="bbox 321 2796 1524 2885">
     <span class='ocr_line' id='line_1_22' title="bbox 321 2796 1524 2885; baseline -0.002 -21"><span class='ocrx_word' id='word_1_178' title='bbox 321 2867 324 2872; x_wconf 70' lang='grc'><strong>,</strong></span> <span class='ocrx_word' id='word_1_179' title='bbox 415 2807 477 2864; x_wconf 76' lang='lat' dir='ltr'>&#39;cui</span> <span class='ocrx_word' id='word_1_180' title='bbox 498 2808 622 2862; x_wconf 88' lang='lat' dir='ltr'>Perseus</span> <span class='ocrx_word' id='word_1_181' title='bbox 652 2807 828 2882; x_wconf 82' lang='lat' dir='ltr'>indulgeret,</span> <span class='ocrx_word' id='word_1_182' title='bbox 862 2806 1029 2863; x_wconf 83' lang='lat' dir='ltr'>Demetrius</span> <span class='ocrx_word' id='word_1_183' title='bbox 1057 2826 1171 2878; x_wconf 78' lang='lat' dir='ltr'>summa</span> <span class='ocrx_word' id='word_1_184' title='bbox 1204 2828 1263 2885; x_wconf 87' lang='lat' dir='ltr'>ope</span> <span class='ocrx_word' id='word_1_185' title='bbox 1291 2809 1485 2872; x_wconf 81' lang='lat' dir='ltr'>adversaretur,</span> <span class='ocrx_word' id='word_1_186' title='bbox 1522 2796 1524 2805; x_wconf 54' lang='lat'><strong>¹</strong></span> 
     </span>
    </p>

    <p class='ocr_par' dir='ltr' id='par_1_9' title="bbox 332 2910 1486 3093">
     <span class='ocr_line' id='line_1_23' title="bbox 332 2910 1486 2991; baseline 0 -23"><span class='ocrx_word' id='word_1_187' title='bbox 332 2985 335 2991; x_wconf 23' lang='grc'>1</span> <span class='ocrx_word' id='word_1_188' title='bbox 430 2911 639 2985; x_wconf 88' lang='lat' dir='ltr'>prospicientes</span> <span class='ocrx_word' id='word_1_189' title='bbox 667 2912 763 2969; x_wconf 89' lang='lat' dir='ltr'>animo</span> <span class='ocrx_word' id='word_1_190' title='bbox 792 2912 901 2968; x_wconf 87' lang='lat' dir='ltr'>exitum</span> <span class='ocrx_word' id='word_1_191' title='bbox 928 2912 1036 2969; x_wconf 88' lang='lat' dir='ltr'>incauti</span> <span class='ocrx_word' id='word_1_192' title='bbox 1064 2931 1082 2968; x_wconf 91' lang='lat' dir='ltr'>a</span> <span class='ocrx_word' id='word_1_193' title='bbox 1101 2912 1207 2970; x_wconf 84' lang='lat' dir='ltr'>fraude</span> <span class='ocrx_word' id='word_1_194' title='bbox 1228 2913 1367 2970; x_wconf 85' lang='lat' dir='ltr'>fraterna</span> <span class='ocrx_word' id='word_1_195' title='bbox 1387 2910 1486 2977; x_wconf 73' lang='lat' dir='ltr'>iuuenis,</span> 
     </span>
     <span class='ocr_line' id='line_1_24' title="bbox 432 3015 1486 3093; baseline 0.001 -22"><span class='ocrx_word' id='word_1_196' title='bbox 432 3015 645 3088; x_wconf 82' lang='lat' dir='ltr'>adiuvandum,</span> <span class='ocrx_word' id='word_1_197' title='bbox 684 3017 763 3090; x_wconf 90' lang='lat' dir='ltr'>quod</span> <span class='ocrx_word' id='word_1_198' title='bbox 797 3016 930 3074; x_wconf 22' lang='lat' dir='ltr'>*futurum</span> <span class='ocrx_word' id='word_1_199' title='bbox 971 3029 1047 3089; x_wconf 84' lang='lat' dir='ltr'>erat,</span> <span class='ocrx_word' id='word_1_200' title='bbox 1083 3019 1139 3075; x_wconf 88' lang='lat' dir='ltr'>rati</span> <span class='ocrx_word' id='word_1_201' title='bbox 1170 3018 1395 3093; x_wconf 88' lang='lat' dir='ltr'>fovendamque</span> <span class='ocrx_word' id='word_1_202' title='bbox 1424 3034 1486 3092; x_wconf 86' lang='lat' dir='ltr'>spen</span> 
     </span>
    </p>

    <p class='ocr_par' dir='ltr' id='par_1_10' title="bbox 400 3122 1524 3409">
     <span class='ocr_line' id='line_1_25' title="bbox 400 3122 1524 3199; baseline -0.001 -22"><span class='ocrx_word' id='word_1_203' title='bbox 400 3122 616 3196; x_wconf 68' lang='lat' dir='ltr'>epotantioris‚</span> <span class='ocrx_word' id='word_1_204' title='bbox 646 3125 756 3179; x_wconf 89' lang='lat' dir='ltr'>Perseo</span> <span class='ocrx_word' id='word_1_205' title='bbox 784 3142 816 3179; x_wconf 87' lang='lat' dir='ltr'>se</span> <span class='ocrx_word' id='word_1_206' title='bbox 845 3124 1014 3198; x_wconf 87' lang='lat' dir='ltr'>adiungunt.</span> <span class='ocrx_word' id='word_1_207' title='bbox 1073 3122 1178 3180; x_wconf 83' lang='lat' dir='ltr'>Cetera</span> <span class='ocrx_word' id='word_1_208' title='bbox 1204 3125 1235 3180; x_wconf 90' lang='lat' dir='ltr'>in</span> <span class='ocrx_word' id='word_1_209' title='bbox 1266 3143 1353 3182; x_wconf 93' lang='lat' dir='ltr'>suum</span> <span class='ocrx_word' id='word_1_210' title='bbox 1387 3137 1486 3198; x_wconf 82' lang='lat' dir='ltr'>quaqua</span> <span class='ocrx_word' id='word_1_211' title='bbox 1522 3186 1524 3199; x_wconf 43' lang='grc' dir='ltr'>Ι</span> 
     </span>
     <span class='ocr_line' id='line_1_26' title="bbox 430 3225 1524 3304; baseline -0.001 -20"><span class='ocrx_word' id='word_1_212' title='bbox 430 3240 544 3302; x_wconf 87' lang='lat' dir='ltr'>tempus</span> <span class='ocrx_word' id='word_1_213' title='bbox 577 3229 691 3303; x_wconf 89' lang='lat' dir='ltr'>agenda</span> <span class='ocrx_word' id='word_1_214' title='bbox 723 3226 871 3296; x_wconf 83' lang='lat' dir='ltr'>differunt3</span> <span class='ocrx_word' id='word_1_215' title='bbox 907 3230 937 3284; x_wconf 91' lang='lat' dir='ltr'>in</span> <span class='ocrx_word' id='word_1_216' title='bbox 968 3229 1121 3303; x_wconf 86' lang='lat' dir='ltr'>praesentia</span> <span class='ocrx_word' id='word_1_217' title='bbox 1148 3229 1247 3304; x_wconf 88' lang='lat' dir='ltr'>placet</span> <span class='ocrx_word' id='word_1_218' title='bbox 1278 3231 1360 3286; x_wconf 92' lang='lat' dir='ltr'>omni</span> <span class='ocrx_word' id='word_1_219' title='bbox 1391 3247 1442 3303; x_wconf 90' lang='lat' dir='ltr'>ope</span> <span class='ocrx_word' id='word_1_220' title='bbox 1466 3225 1486 3280; x_wconf 84' lang='lat' dir='ltr'>in</span> <span class='ocrx_word' id='word_1_221' title='bbox 1522 3229 1524 3285; x_wconf 86' lang='lat' dir='ltr'>l</span> 
     </span>
     <span class='ocr_line' id='line_1_27' title="bbox 429 3310 1524 3409; baseline -0.001 -20"><span class='ocrx_word' id='word_1_222' title='bbox 429 3333 580 3390; x_wconf 87' lang='lat' dir='ltr'>Romanos</span> <span class='ocrx_word' id='word_1_223' title='bbox 602 3334 721 3391; x_wconf 87' lang='lat' dir='ltr'>accendi</span> <span class='ocrx_word' id='word_1_224' title='bbox 742 3352 839 3407; x_wconf 85' lang='lat' dir='ltr'>regem</span> <span class='ocrx_word' id='word_1_225' title='bbox 862 3335 1029 3409; x_wconf 90' lang='lat' dir='ltr'>impellique</span> <span class='ocrx_word' id='word_1_226' title='bbox 1056 3336 1094 3392; x_wconf 87' lang='lat' dir='ltr'>ad</span> <span class='ocrx_word' id='word_1_227' title='bbox 1115 3334 1239 3392; x_wconf 88' lang='lat' dir='ltr'>consilia</span> <span class='ocrx_word' id='word_1_228' title='bbox 1262 3336 1354 3406; x_wconf 61' lang='lat' dir='ltr'>belli„</span> <span class='ocrx_word' id='word_1_229' title='bbox 1379 3336 1415 3392; x_wconf 84' lang='lat' dir='ltr'>ad</span> <span class='ocrx_word' id='word_1_230' title='bbox 1440 3347 1486 3407; x_wconf 82' lang='lat' dir='ltr'>qua</span> <span class='ocrx_word' id='word_1_231' title='bbox 1522 3310 1524 3339; x_wconf 45' lang='grc' dir='ltr'>Ι</span> 
     </span>
    </p>

    <p class='ocr_par' dir='ltr' id='par_1_11' title="bbox 401 3420 1524 3833">
     <span class='ocr_line' id='line_1_28' title="bbox 401 3420 1524 3513; baseline -0.004 -17"><span class='ocrx_word' id='word_1_232' title='bbox 401 3437 487 3496; x_wconf 75' lang='lat' dir='ltr'>tiam</span> <span class='ocrx_word' id='word_1_233' title='bbox 520 3457 574 3496; x_wconf 91' lang='lat' dir='ltr'>sua</span> <span class='ocrx_word' id='word_1_234' title='bbox 606 3449 710 3513; x_wconf 90' lang='lat' dir='ltr'>sponte</span> <span class='ocrx_word' id='word_1_235' title='bbox 742 3440 869 3496; x_wconf 85' lang='lat' dir='ltr'>animum</span> <span class='ocrx_word' id='word_1_236' title='bbox 902 3441 1077 3498; x_wconf 89' lang='lat' dir='ltr'>inclinasset.</span> <span class='ocrx_word' id='word_1_237' title='bbox 1127 3440 1237 3510; x_wconf 78' lang='lat' dir='ltr'>Simul,</span> <span class='ocrx_word' id='word_1_238' title='bbox 1273 3453 1306 3498; x_wconf 92' lang='lat' dir='ltr'>ut</span> <span class='ocrx_word' id='word_1_239' title='bbox 1339 3438 1486 3498; x_wconf 80' lang='lat' dir='ltr'>Demetrius</span> <span class='ocrx_word' id='word_1_240' title='bbox 1522 3420 1524 3485; x_wconf 76' lang='lat' dir='ltr'>l</span> 
     </span>
     <span class='ocr_line' id='line_1_29' title="bbox 429 3544 1524 3621; baseline 0.002 -22"><span class='ocrx_word' id='word_1_241' title='bbox 429 3544 460 3599; x_wconf 94' lang='lat' dir='ltr'>in</span> <span class='ocrx_word' id='word_1_242' title='bbox 487 3545 548 3600; x_wconf 88' lang='lat' dir='ltr'>dies</span> <span class='ocrx_word' id='word_1_243' title='bbox 576 3545 739 3620; x_wconf 87' lang='lat' dir='ltr'>suspectior</span> <span class='ocrx_word' id='word_1_244' title='bbox 762 3555 851 3615; x_wconf 83' lang='lat' dir='ltr'>esset,</span> <span class='ocrx_word' id='word_1_245' title='bbox 883 3565 920 3602; x_wconf 85' lang='lat' dir='ltr'>ex</span> <span class='ocrx_word' id='word_1_246' title='bbox 948 3548 1110 3621; x_wconf 87' lang='lat' dir='ltr'>composito</span> <span class='ocrx_word' id='word_1_247' title='bbox 1141 3566 1294 3604; x_wconf 87' lang='lat' dir='ltr'>sermones</span> <span class='ocrx_word' id='word_1_248' title='bbox 1324 3549 1365 3605; x_wconf 90' lang='lat' dir='ltr'>ad</span> <span class='ocrx_word' id='word_1_249' title='bbox 1388 3553 1404 3621; x_wconf 89' lang='lat'><strong>†</strong></span> <span class='ocrx_word' id='word_1_250' title='bbox 1424 3563 1485 3621; x_wconf 86' lang='lat' dir='ltr'>spen</span> <span class='ocrx_word' id='word_1_251' title='bbox 1521 3592 1524 3617; x_wconf 49' lang='grc' dir='ltr'>Ι</span> 
     </span>
     <span class='ocr_line' id='line_1_30' title="bbox 430 3626 1524 3725; baseline 0.004 -20"><span class='ocrx_word' id='word_1_252' title='bbox 430 3650 629 3707; x_wconf 91' lang='lat' dir='ltr'>Romanorum</span> <span class='ocrx_word' id='word_1_253' title='bbox 649 3651 811 3707; x_wconf 88' lang='lat' dir='ltr'>trahebant.</span> <span class='ocrx_word' id='word_1_254' title='bbox 855 3651 901 3708; x_wconf 93' lang='lat' dir='ltr'>Ibi</span> <span class='ocrx_word' id='word_1_255' title='bbox 917 3670 1004 3725; x_wconf 91' lang='lat' dir='ltr'>quum</span> <span class='ocrx_word' id='word_1_256' title='bbox 1022 3652 1071 3708; x_wconf 89' lang='lat' dir='ltr'>alii</span> <span class='ocrx_word' id='word_1_257' title='bbox 1086 3628 1182 3709; x_wconf 86' lang='lat' dir='ltr'>mores</span> <span class='ocrx_word' id='word_1_258' title='bbox 1202 3663 1230 3709; x_wconf 92' lang='lat' dir='ltr'>et</span> <span class='ocrx_word' id='word_1_259' title='bbox 1246 3654 1384 3712; x_wconf 87' lang='lat' dir='ltr'>instituta</span> <span class='ocrx_word' id='word_1_260' title='bbox 1399 3671 1487 3717; x_wconf 78' lang='lat' dir='ltr'>eorum,</span> <span class='ocrx_word' id='word_1_261' title='bbox 1522 3626 1524 3631; x_wconf 28' lang='grc' dir='ltr'>Ι</span> 
     </span>
     <span class='ocr_line' id='line_1_31' title="bbox 431 3754 1487 3833; baseline 0.002 -23"><span class='ocrx_word' id='word_1_262' title='bbox 431 3754 484 3823; x_wconf 88' lang='lat' dir='ltr'>alii</span> <span class='ocrx_word' id='word_1_263' title='bbox 502 3774 548 3811; x_wconf 89' lang='lat' dir='ltr'>res</span> <span class='ocrx_word' id='word_1_264' title='bbox 571 3768 678 3830; x_wconf 81' lang='lat' dir='ltr'>gestas,</span> <span class='ocrx_word' id='word_1_265' title='bbox 701 3757 749 3812; x_wconf 90' lang='lat' dir='ltr'>alii</span> <span class='ocrx_word' id='word_1_266' title='bbox 765 3757 890 3831; x_wconf 89' lang='lat' dir='ltr'>speeiem</span> <span class='ocrx_word' id='word_1_267' title='bbox 905 3758 996 3832; x_wconf 89' lang='lat' dir='ltr'>ipsius</span> <span class='ocrx_word' id='word_1_268' title='bbox 1012 3758 1090 3814; x_wconf 87' lang='lat' dir='ltr'>urbis</span> <span class='ocrx_word' id='word_1_269' title='bbox 1104 3758 1233 3815; x_wconf 90' lang='lat' dir='ltr'>nondum</span> <span class='ocrx_word' id='word_1_270' title='bbox 1250 3772 1405 3818; x_wconf 85' lang='lat' dir='ltr'>exornatae</span> <span class='ocrx_word' id='word_1_271' title='bbox 1415 3762 1487 3833; x_wconf 77' lang='lat' dir='ltr'>nequi</span> 
     </span>
    </p>
   </div>
   <div class='ocr_carea' id='block_1_3' title="bbox 430 3856 1486 3940">
    <p class='ocr_par' dir='ltr' id='par_1_12' title="bbox 430 3856 1486 3940">
     <span class='ocr_line' id='line_1_32' title="bbox 430 3856 1486 3940; baseline 0.008 -26"><span class='ocrx_word' id='word_1_272' title='bbox 430 3859 553 3932; x_wconf 92' lang='lat' dir='ltr'>publicis</span> <span class='ocrx_word' id='word_1_273' title='bbox 575 3879 669 3934; x_wconf 90' lang='lat' dir='ltr'>neque</span> <span class='ocrx_word' id='word_1_274' title='bbox 690 3863 811 3936; x_wconf 87' lang='lat' dir='ltr'>privatis</span> <span class='ocrx_word' id='word_1_275' title='bbox 833 3862 919 3932; x_wconf 84' lang='lat' dir='ltr'>locis,</span> <span class='ocrx_word' id='word_1_276' title='bbox 942 3861 992 3918; x_wconf 92' lang='lat' dir='ltr'>alii</span> <span class='ocrx_word' id='word_1_277' title='bbox 1013 3863 1142 3938; x_wconf 84' lang='lat' dir='ltr'>singulos</span> <span class='ocrx_word' id='word_1_278' title='bbox 1165 3864 1335 3940; x_wconf 83' lang='lat' dir='ltr'>principum</span> <span class='ocrx_word' id='word_1_279' title='bbox 1353 3856 1486 3931; x_wconf 76' lang='lat' dir='ltr'>eluderent</span> 
     </span>
    </p>
   </div>
   <div class='ocr_carea' id='block_1_4' title="bbox 398 3962 1524 4057">
    <p class='ocr_par' dir='ltr' id='par_1_13' title="bbox 398 3962 1524 4057">
     <span class='ocr_line' id='line_1_33' title="bbox 398 3962 1524 4057; baseline 0.009 -39"><span class='ocrx_word' id='word_1_280' title='bbox 398 3962 417 4016; x_wconf 91' lang='lat'>8</span> <span class='ocrx_word' id='word_1_281' title='bbox 429 3963 541 4020; x_wconf 90' lang='lat' dir='ltr'>iuvenis</span> <span class='ocrx_word' id='word_1_282' title='bbox 560 3965 702 4036; x_wconf 83' lang='lat' dir='ltr'>incautus,</span> <span class='ocrx_word' id='word_1_283' title='bbox 719 3978 747 4023; x_wconf 85' lang='lat' dir='ltr'>et</span> <span class='ocrx_word' id='word_1_284' title='bbox 759 3987 858 4024; x_wconf 87' lang='lat' dir='ltr'>amore</span> <span class='ocrx_word' id='word_1_285' title='bbox 869 3968 993 4054; x_wconf 83' lang='lat' dir='ltr'>nominis</span> <span class='ocrx_word' id='word_1_286' title='bbox 1004 3967 1131 4025; x_wconf 90' lang='lat' dir='ltr'>Romani</span> <span class='ocrx_word' id='word_1_287' title='bbox 1145 3978 1173 4023; x_wconf 87' lang='lat' dir='ltr'>et</span> <span class='ocrx_word' id='word_1_288' title='bbox 1187 3972 1354 4028; x_wconf 90' lang='lat' dir='ltr'>certamine</span> <span class='ocrx_word' id='word_1_289' title='bbox 1370 3973 1486 4030; x_wconf 81' lang='lat' dir='ltr'>adversus</span> <span class='ocrx_word' id='word_1_290' title='bbox 1521 3996 1524 4057; x_wconf 56' lang='lat' dir='ltr'>j</span> 
     </span>
    </p>
   </div>
   <div class='ocr_carea' id='block_1_5' title="bbox 398 4069 1524 4367">
    <p class='ocr_par' dir='ltr' id='par_1_14' title="bbox 398 4069 1524 4367">
     <span class='ocr_line' id='line_1_34' title="bbox 429 4069 1524 4148; baseline 0.005 -22"><span class='ocrx_word' id='word_1_291' title='bbox 429 4069 559 4141; x_wconf 74' lang='lat' dir='ltr'>fratrem,</span> <span class='ocrx_word' id='word_1_292' title='bbox 569 4073 667 4127; x_wconf 90' lang='lat' dir='ltr'>omnia</span> <span class='ocrx_word' id='word_1_293' title='bbox 675 4072 781 4128; x_wconf 90' lang='lat' dir='ltr'>tuendo</span> <span class='ocrx_word' id='word_1_294' title='bbox 792 4083 956 4147; x_wconf 90' lang='lat' dir='ltr'>suspectum</span> <span class='ocrx_word' id='word_1_295' title='bbox 964 4073 1078 4148; x_wconf 87' lang='lat' dir='ltr'>sepatri</span> <span class='ocrx_word' id='word_1_296' title='bbox 1091 4084 1120 4129; x_wconf 88' lang='lat' dir='ltr'>et</span> <span class='ocrx_word' id='word_1_297' title='bbox 1129 4083 1332 4147; x_wconf 89' lang='lat' dir='ltr'>opportunum</span> <span class='ocrx_word' id='word_1_298' title='bbox 1343 4079 1486 4136; x_wconf 85' lang='lat' dir='ltr'>criminibus</span> <span class='ocrx_word' id='word_1_299' title='bbox 1522 4073 1524 4090; x_wconf 92' lang='lat'>&#39;</span> 
     </span>
     <span class='ocr_line' id='line_1_35' title="bbox 398 4174 1486 4254; baseline 0.012 -26"><span class='ocrx_word' id='word_1_300' title='bbox 398 4174 564 4236; x_wconf 69' lang='lat' dir='ltr'>blaciebst.</span> <span class='ocrx_word' id='word_1_301' title='bbox 598 4178 702 4251; x_wconf 91' lang='lat' dir='ltr'>Itaque</span> <span class='ocrx_word' id='word_1_302' title='bbox 719 4187 865 4252; x_wconf 84' lang='lat' dir='ltr'>expertem</span> <span class='ocrx_word' id='word_1_303' title='bbox 885 4199 949 4236; x_wconf 91' lang='lat' dir='ltr'>eum</span> <span class='ocrx_word' id='word_1_304' title='bbox 967 4188 1050 4254; x_wconf 91' lang='lat' dir='ltr'>pater</span> <span class='ocrx_word' id='word_1_305' title='bbox 1069 4178 1199 4236; x_wconf 91' lang='lat' dir='ltr'>omnium</span> <span class='ocrx_word' id='word_1_306' title='bbox 1217 4179 1254 4237; x_wconf 92' lang='lat' dir='ltr'>de</span> <span class='ocrx_word' id='word_1_307' title='bbox 1266 4186 1359 4242; x_wconf 86' lang='lat' dir='ltr'>rebus</span> <span class='ocrx_word' id='word_1_308' title='bbox 1370 4182 1486 4244; x_wconf 79' lang='lat' dir='ltr'>Romanis</span> 
     </span>
     <span class='ocr_line' id='line_1_36' title="bbox 428 4280 1486 4367; baseline 0.01 -32"><span class='ocrx_word' id='word_1_309' title='bbox 428 4280 613 4338; x_wconf 87' lang='lat' dir='ltr'>consiliorum</span> <span class='ocrx_word' id='word_1_310' title='bbox 630 4282 771 4353; x_wconf 82' lang='lat' dir='ltr'>habebat3</span> <span class='ocrx_word' id='word_1_311' title='bbox 789 4295 867 4341; x_wconf 91' lang='lat' dir='ltr'>totus</span> <span class='ocrx_word' id='word_1_312' title='bbox 885 4285 915 4341; x_wconf 92' lang='lat' dir='ltr'>in</span> <span class='ocrx_word' id='word_1_313' title='bbox 926 4288 1036 4342; x_wconf 90' lang='lat' dir='ltr'>Persea</span> <span class='ocrx_word' id='word_1_314' title='bbox 1053 4303 1155 4344; x_wconf 89' lang='lat' dir='ltr'>versus</span> <span class='ocrx_word' id='word_1_315' title='bbox 1174 4306 1242 4346; x_wconf 91' lang='lat' dir='ltr'>cum</span> <span class='ocrx_word' id='word_1_316' title='bbox 1262 4310 1299 4348; x_wconf 92' lang='lat' dir='ltr'>eo</span> <span class='ocrx_word' id='word_1_317' title='bbox 1318 4292 1486 4367; x_wconf 84' lang='lat' dir='ltr'>cogitationes</span> 
     </span>
    </p>
   </div>
   <div class='ocr_carea' id='block_1_6' title="bbox 0 0 1761 5025">
    <p class='ocr_par' dir='ltr' id='par_1_15' title="bbox 0 0 1761 5025">
     <span class='ocr_line' id='line_1_37' title="bbox 0 0 1761 5025; baseline 0 0"><span class='ocrx_word' id='word_1_318' title='bbox 0 0 1761 5025; x_wconf 95' lang='lat' dir='ltr'> </span> 
     </span>
    </p>
   </div>
  </div>
 </body>
</html>
