3484 5025
479 496 535 551 146
724 490 804 541 muer
820 487 977 542 XXXVIII.
1000 487 1046 553 (Δ.
1058 503 1086 541 u.
1098 499 1122 541 a.
1142 487 1221 552 507.)

1517 585 1522 668 i

434 677 545 736 invidia
571 686 624 745 est,
649 684 748 751 patras
779 675 951 751 conscripti,
979 693 1032 733 neo
1058 673 1219 749 quicquam
1241 673 1323 731 atiud
1342 673 1397 731 soit
1412 689 1491 748 quun¹
1518 673 1522 770 Ξ

435 785 596 841 detrectare
623 781 758 850 vinutes,
793 798 978 856 corrumpere
1010 780 1136 838 honores
1168 798 1206 837 ac
1239 778 1363 855 praemia
1392 797 1487 838 sarua¹

406 889 510 948 ostiti
540 906 637 962 quasso
670 887 711 944 ita
741 886 914 963 ignoscatis,
945 896 1042 961 patres
1074 884 1248 963 conscripti,
1284 883 1313 942 si
1343 884 1488 961 longiorem
1520 937 1522 976 :

437 993 598 1054 orationem
628 1011 687 1050 non
716 991 859 1066 cupiditas
885 992 1030 1068 gloriandi
1050 992 1087 1049 de
1107 1009 1164 1061 me,
1185 990 1240 1048 sed
1259 990 1428 1049 neccssaria
1444 990 1488 1049 ‹ri-
1520 981 1522 988 ’

408 1110 423 1162 7
438 1100 545 1157 minum
568 1098 697 1155 defensio
721 1098 797 1159 fecit.
840 1100 891 1157 An
910 1097 997 1154 etiam
1013 1115 1066 1172 per
1077 1098 1239 1156 Thraciam
1254 1096 1352 1155 saltus
1364 1106 1488 1174 patentes,

425 1205 488 1280 -qui
510 1204 625 1279 angusti
652 1214 750 1276 eraut,
780 1215 810 1261 st
833 1203 922 1280 plana
944 1222 981 1262 sx
1008 1203 1107 1261 arduis
1137 1213 1167 1261 et
1191 1203 1273 1262 culta
1302 1221 1344 1262 ex
1367 1203 1489 1261 silvestri·

407 1314 492 1376 8bus
513 1311 610 1368 facere
631 1311 729 1385 potui,
750 1320 779 1368 et
799 1319 957 1386 prestare,
982 1310 1085 1367 necubi
1106 1308 1184 1367 notis
1211 1307 1269 1365 sibi
1292 1309 1413 1368 latebris
1431 1308 1489 1366 ddi·

424 1417 579 1475 'tescerent
600 1416 727 1473 latrones
749 1417 895 1484 Thraces,
922 1435 959 1474 ne
988 1416 1057 1490 quid
1079 1414 1261 1476 sarcinarum
1284 1424 1443 1491 raperetur,
1459 1432 1488 1472 ns

439 1524 518 1598 quod
539 1523 698 1579 iumentum
728 1542 765 1580 ex
787 1531 868 1579 tanto
892 1522 1007 1597 agmine
1030 1522 1263 1591 abstraheretur,
1292 1539 1333 1579 nc
1354 1522 1417 1597 qnis
1434 1519 1485 1578 vui-

437 1641 602 1698 peraretur,
632 1646 669 1684 ne
690 1645 727 1684 ex
747 1628 866 1685 vulnere
894 1627 940 1686 vir
965 1626 1049 1685 fortis
1077 1645 1112 1685 ac
1133 1636 1269 1684 suenuus
1301 1627 1339 1702 Q.
1360 1627 1483 1686 Mhndut

407 1734 618 1798 timoreretur?
657 1734 693 1791 Iu
714 1734 788 1803 hoc,
821 1734 901 1808 quod
924 1732 1075 1792 infeliciter
1095 1732 1212 1803 incidit,
1235 1743 1269 1790 ut
1301 1734 1389 1792 talem
1408 1733 1479 1792 cives

390 1852 425 1905 10
438 1842 649 1911 amitteremus,
679 1841 801 1910 harent3
833 1840 913 1915 quod
942 1840 1017 1897 saltu
1045 1839 1159 1914 iniquo,
1190 1838 1258 1896 loco
1287 1839 1383 1897 alieno
1410 1857 1475 1913 quur
1510 1819 1522 1868 '7

438 1948 557 2003 adortus
580 1964 634 2002 nos
655 1945 748 2002 hostis
769 1955 860 2013 esset,
890 1946 955 2003 duas
985 1945 1070 2002 simul
1093 1945 1171 2003 acies
1192 1944 1282 2021 primi
1304 1953 1335 2002 et
1353 1943 1472 2002 novissiui

440 2052 561 2129 agminis
590 2054 744 2110 haerentem
775 2053 813 2108 ad
833 2052 1159 2128 impedimenta'nostra
1180 2050 1340 2109 exercitum
1361 2050 1471 2108 barbaro
1515 2050 1522 2062 ’

393 2175 422 2227 11
439 2179 502 2216 rum
514 2160 778 2228 circumvenerunt3
800 2159 878 2233 quod
890 2158 980 2216 multa
993 2158 1084 2215 millia
1100 2159 1148 2215 illo
1158 2158 1224 2234 ipso
1236 2157 1295 2228 die,
1316 2156 1397 2232 plura
1405 2154 1469 2213 multt
1515 2155 1522 2166 '

440 2277 506 2341 post
524 2265 585 2321 dies
605 2282 715 2339 paucos
738 2264 902 2322 ceciderunt
923 2273 951 2322 et
973 2275 1119 2340 ceperunt,
1140 2264 1207 2334 hoc,
1228 2263 1254 2320 si
1275 2264 1333 2340 ipsi
1352 2261 1469 2330 amant
1514 2323 1517 2328 ,

440 2390 493 2428 vos
515 2371 653 2439 scituros,
685 2389 772 2445 quum
794 2370 876 2428 testis
903 2370 1044 2427 orationis
1072 2388 1144 2427 meas
1169 2376 1250 2426 totus
1281 2368 1418 2428 exercitus
1440 2364 1470 2434 ti,

392 2488 425 2544 12
439 2496 498 2534 nou
519 2475 658 2534 credunt?
691 2475 723 2535 Si
745 2476 873 2552 gladium
897 2475 927 2533 in
949 2477 1023 2535 Asia
1044 2495 1103 2533 non
1124 2475 1324 2546 strinxissem,
1344 2476 1367 2533 si
1386 2476 1469 2533 husten

439 2602 497 2641 non
519 2583 672 2652 vidissem,
691 2593 788 2640 temen
809 2582 965 2659 proconsul
993 2582 1167 2656 triumphum
1191 2582 1222 2639 in
1240 2582 1369 2641 Thracia
1387 2581 1471 2639 ductu
1510 2554 1522 2590 ²

392 2702 426 2756 13
440 2689 548 2766 praeliis
570 2707 740 2748 merueram.
787 2688 846 2748 Sed
874 2686 932 2744 iam
959 2688 1066 2745 dictum
1095 2687 1168 2744 satis
1196 2698 1253 2757 est;
1285 2689 1353 2763 quin
1380 2706 1427 2764 pro
1443 2702 1472 2753 so,
1516 2746 1522 2773 :

442 2796 519 2871 quod
530 2795 660 2870 pluribus
680 2794 777 2851 verbis
790 2814 853 2864 vos,
875 2812 963 2868 quam
982 2793 1095 2863 vellem,
1106 2792 1241 2869 fatigavi,
1262 2790 1473 2853 veniamavub'u
1517 2776 1522 2801 ¹

440 2902 559 2976 petitam
581 2901 823 2975 impetratamque
846 2900 942 2969 velim,
963 2910 1062 2976 patres
1083 2900 1271 2975 conscripti.“

347 2999 387 3068 50
413 3082 417 3088 .
524 3007 595 3065 Plus
613 3006 734 3063 crimina
761 3025 795 3064 eo
824 3006 871 3064 die
899 3024 986 3080 quam
1018 3005 1146 3063 defensio
1179 3006 1335 3076 valuisset,
1361 3007 1390 3064 ni
1413 3006 1474 3063 atte-
1517 2978 1522 2999 ¹

442 3113 584 3171 cationem
613 3111 644 3167 in
675 3129 770 3168 serum
797 3112 1011 3187 perduxissent.
1068 3111 1235 3169 Dimittitur
1253 3122 1385 3170 senatus
1409 3111 1475 3169 ina

411 3218 594 3294 2opinione,
616 3228 647 3273 ut
668 3227 825 3292 negaturus
852 3218 1029 3294 triumphum
1058 3216 1147 3275 fuisse
1173 3217 1332 3278 videretur.
1379 3220 1476 3276 Postero

442 3326 488 3381 die
522 3334 550 3380 et
581 3322 698 3397 cognati
728 3322 871 3397 amicique
911 3323 964 3384 Cn.
995 3323 1097 3381 Manlii
1129 3323 1249 3381 summis
1279 3324 1383 3400 opibus
1409 3317 1478 3380 annii

411 3434 524 3498 3sunt,
547 3439 575 3485 et
596 3429 754 3486 auctoritas
775 3428 920 3486 seniorum
932 3430 1033 3498 valuit,
1057 3429 1225 3504 negantium
1249 3431 1412 3507 exemplum
1431 3445 1478 3505 pro

387 3580 395 3601 Ι
442 3536 531 3592 ditum
555 3534 700 3591 memoriae
721 3553 793 3604 esse,
817 3544 849 3591 ut
869 3535 1044 3611 imperator,
1076 3533 1125 3608 qui
1149 3533 1271 3592 devictis
1301 3536 1480 3613 perduellibus,

442 3640 575 3697 confecta
596 3640 747 3715 provincia
771 3641 929 3697 exercitum
951 3650 1142 3716 reportasset,
1164 3639 1226 3698 sine
1247 3659 1336 3699 curru
1358 3653 1387 3700 et
1404 3642 1481 3699 lauras

443 3747 573 3821 privatus
585 3746 832 3820 inhonoratusque
847 3746 948 3803 urbem
963 3745 1057 3802 iniret.
1103 3743 1161 3801 Hic
1179 3745 1276 3820 pudor
1295 3748 1481 3825 malignitates

334 3878 339 3897 a
443 3851 521 3916 vicit,
543 3850 777 3926 triumphumque
798 3850 964 3925 frequentes
985 3852 1183 3909 decreverunt.

411 3967 428 4020 4
526 3955 678 4033 Oppressit
700 3957 802 4014 deinde
831 3957 1004 4014 mentionem
1034 3956 1264 4032 memoriamque
1294 3975 1408 4014 omnem
1433 3970 1482 4010 con·

443 4064 578 4120 tentionis
599 4062 683 4119 huius
708 4061 801 4119 maius
823 4072 851 4119 et
873 4081 937 4119 cum
960 4061 1070 4119 maiore
1090 4073 1119 4118 et
1138 4061 1263 4119 clariore
1281 4063 1346 4120 viro
1361 4072 1482 4120 certamu

413 4179 547 4231 5ortum.
595 4170 629 4227 P.
652 4168 780 4243 Scipioni
802 4167 961 4237 Africano,
984 4177 1015 4224 ut
1035 4167 1173 4224 Valerius
1199 4169 1308 4226 Antias
1332 4179 1429 4226 auctor
1446 4172 1483 4231 ot

443 4273 500 4330 duo
528 4273 564 4347 Q.
586 4273 683 4331 Petilii
710 4274 784 4331 diem
804 4275 956 4330 dixerunt.
1003 4273 1053 4344 Id,
1076 4283 1162 4349 prout
1191 4274 1335 4350 cuiusque
1361 4273 1482 4351 ingenia·
