3484 5025
527 493 753 544 niterxxxvn.
773 493 895 556 (auur.
915 495 987 558 tao.)
1210 502 1246 555 57

274 691 314 738 rtu
335 690 431 752 sture,
465 700 554 756 qnnm
584 683 799 758 respondissent
826 702 885 740 non
914 700 1013 758 posse,
1045 700 1162 740 causam
1188 691 1291 740 uectus

274 786 394 844 tittendae
415 788 458 844 rei
482 788 601 846 Samum
624 807 714 846 naves
735 788 859 845 reduxit.

311 893 371 950 Per
393 892 471 950 idem
492 903 605 969 tempus
623 892 760 952 Seleucus
781 894 919 952 Antiochi
936 893 1021 963 filius,
1043 912 1130 968 quum
1143 912 1291 967 peremne
1347 885 1386 955 18

274 1016 414 1055 aruerunt
442 990 567 1074 tempus
586 1000 741 1057 exercitum
770 1001 801 1056 in
830 1000 949 1059 AEolide
979 999 1165 1057 continuisset
1186 1001 1291 1075 partim

274 1102 320 1160 tiis,
336 1102 457 1161 serendo
479 1123 574 1180 opem,
601 1105 717 1180 partim,
744 1124 817 1180 qnos
837 1107 868 1164 in
889 1106 1055 1164 societatem
1078 1105 1213 1180 pellicere
1233 1124 1292 1163 non

275 1217 354 1279 teret,
374 1210 595 1286 depopulandis,
617 1211 740 1268 transire
761 1212 791 1268 in
811 1214 883 1270 fines
904 1212 986 1289 regui
1006 1211 1154 1281 Eumenis,
1177 1209 1246 1267 dum
1267 1211 1322 1267 is2

274 1314 332 1372 ocul
360 1316 398 1372 ab
424 1316 517 1374 ‘domo
550 1336 615 1374 cum
637 1319 778 1376 Romanis
805 1328 834 1375 et
863 1319 985 1377 Rhodiis
1021 1318 1118 1394 Lyciae
1148 1316 1291 1374 maritima

274 1427 421 1496 pugnaret,
442 1422 553 1482 statuit.
600 1424 651 1481 Ad
672 1425 782 1482 Elaeam
806 1424 900 1501 primo
921 1422 1032 1480 infestis
1047 1422 1135 1497 siguis
1158 1420 1322 1489 accessit33

274 1525 344 1598 inde,
365 1528 472 1583 omissa
496 1531 712 1604 oppugnatione
723 1531 811 1602 urbis,
834 1549 920 1606 egros
935 1530 1077 1587 hostiliter
1087 1528 1289 1604 depopulatus,
1388 1566 1392 1574 =

274 1629 283 1688 l
295 1642 379 1708 caput
393 1652 547 1709 arcemque
556 1699 558 1707 4
567 1637 649 1711 regni
661 1637 838 1713 Pergamum
858 1636 937 1693 ducit
958 1636 1193 1711 oppugnandum.
1237 1637 1292 1693 At·
1306 1636 1322 1688 4

274 1734 310 1795 lus
333 1738 427 1814 primo
457 1741 630 1797 stationibus
657 1752 724 1799 aute
749 1744 849 1800 urbem
878 1743 980 1818 positis
1009 1750 1038 1799 et
1077 1728 1292 1800 excursionibus

274 1844 360 1915 tritum
387 1845 524 1921 levisque,
547 1856 700 1905 armatura
722 1851 814 1925 magis
835 1850 996 1907 lacessebat
1024 1866 1110 1923 quam
1132 1848 1293 1905 sustinebat

274 1958 357 2021 atem3
389 1962 537 2027 postremo
566 1971 653 2027 quum
682 1975 735 2030 per
758 1956 835 2013 levia
861 1956 1020 2013 certamina
1041 1965 1185 2031 expertus,
1215 1953 1324 2011 uullsb

274 2063 317 2113 uu
338 2057 442 2114 virium
464 2076 496 2115 se
517 2077 618 2133 parem
640 2079 717 2130 esse,
743 2063 820 2119 iutra
842 2060 948 2119 moenia
974 2078 1006 2116 se
1026 2058 1194 2134 recepisset,
1217 2058 1294 2115 obsi·
1347 2056 1351 2067 “

274 2157 299 2217 rt
322 2164 390 2221 urbs
418 2172 514 2238 coepta
534 2173 586 2221 est.
628 2165 741 2223 Eodem
762 2167 853 2226 ferme
876 2177 1006 2242 tempore
1027 2175 1056 2223 et
1072 2166 1235 2223 Antiochus
1257 2166 1325 2221 abd

274 2280 366 2337 pinea
394 2269 542 2344 profectus
564 2269 705 2329 Sardibus
729 2273 863 2349 primum,
892 2273 996 2329 deinde
1017 2271 1095 2328 haud
1119 2270 1294 2345 procursa-

274 2374 305 2432 t'ti
332 2376 437 2432 castris
462 2375 500 2432 ed
522 2385 610 2450 caput
634 2378 715 2437 Caici
737 2380 829 2436 amuis
851 2380 958 2435 stativa
979 2376 1081 2435 habuit
1102 2394 1166 2433 cum
1189 2394 1294 2451 magno

274 2482 358 2538 trcitu
374 2482 467 2539 mixto
481 2482 570 2542 variis
588 2483 782 2558 exgentibus.
824 2484 985 2542 Plurimum
1008 2483 1125 2541 terroris
1146 2482 1175 2540 in
1192 2480 1294 2541 Gallu·
1310 2485 1325 2538 7

274 2599 296 2644 m
316 2588 451 2645 mercede
466 2588 615 2647 conductis
636 2600 774 2664 quattuor
795 2591 920 2648 millibus
942 2600 1019 2660 erat3
1041 2591 1094 2646 hos
1116 2587 1216 2663 paucis
1241 2588 1294 2644 ad-

274 2695 328 2752 xtis
362 2694 401 2751 ad
431 2696 656 2769 pervastandum
692 2697 799 2771 passim
829 2698 1044 2772 Pergamenum
1075 2714 1175 2769 agrum
1208 2693 1294 2750 misit.

274 2815 304 2859 tm
326 2809 484 2876 postquam
508 2801 627 2860 Samum
646 2802 777 2859 nuntiata
800 2811 875 2873 sunt,
896 2804 992 2878 primo
1013 2803 1167 2872 Eumenes,
1190 2801 1327 2857 avoca-8

275 2908 452 2965 *domestico
464 2908 550 2978 bello,
572 2927 635 2965 cum
650 2908 742 2964 classe
753 2908 862 2964 Eloeam
886 2911 970 2985 petit;
991 2910 1066 2979 iude,
1089 2926 1175 2982 quum
1191 2916 1296 2982 praesto

274 3022 353 3071 aaut
382 3014 494 3087 equites
524 3015 710 3089 peditumque
740 3015 877 3089 expediti,
913 3016 1047 3089 praesidio
1077 3024 1175 3070 eorum
1208 3022 1296 3081 tutus,

274 3122 401 3194 nsquam
431 3121 529 3178 hostes
557 3121 695 3177 sentirent
721 3133 772 3176 aut
797 3133 990 3190 moverentur,
1023 3120 1198 3193 Pergamum
1227 3137 1295 3175 con-

275 3226 330 3283 dit.
380 3224 426 3282 Ibi
454 3245 554 3282 rursus
581 3226 658 3283 levia
686 3245 739 3302 per
767 3227 952 3283 excursiones
980 3226 1083 3300 proelia
1109 3225 1170 3280 lieri
1192 3224 1327 3299 coepta,9

276 3349 363 3389 mene
384 3349 505 3388 summat
526 3331 568 3387 rei
590 3331 742 3389 discrimen
757 3332 834 3388 haud
851 3332 937 3389 dubie
952 3332 1138 3389 detrectante.
1180 3330 1296 3386 Paucos

274 3446 297 3495 a
324 3438 388 3495 dies
419 3440 554 3494 Romana
586 3437 758 3512 Rhodiaque
789 3438 900 3507 classic,
929 3448 960 3494 ut
988 3438 1050 3512 regi
1073 3455 1156 3511 opem
1179 3435 1295 3505 ferrent,

274 3559 343 3601 eam
366 3544 405 3601 ab
422 3542 512 3601 Samo
534 3553 682 3600 venerunt.
736 3543 817 3616 Quos
838 3545 888 3600 ubi
910 3545 1078 3618 exposuisse
1099 3542 1198 3615 copias
1210 3541 1297 3598 Elaeae
1315 3541 1347 3593 10

285 3659 331 3708 tut
361 3650 470 3707 classes
498 3650 527 3706 iu
556 3668 644 3707 uuum
667 3649 834 3706 convenisse
860 3662 976 3724 portum
1004 3648 1151 3706 Antiocho
1178 3646 1295 3704 allatum

275 3795 285 3825 ,
313 3765 344 3813 et
369 3756 424 3812 sub
451 3756 527 3813 idem
555 3765 669 3830 tempus
690 3753 808 3820 audivit,
830 3754 975 3812 consulem
999 3774 1062 3812 cum
1090 3753 1216 3812 exercitu
1238 3753 1296 3808 iam

277 3861 465 3920 Macedonia
492 3880 556 3942 esse
582 3861 746 3935 pararique,
775 3880 839 3934 quae
867 3861 905 3916 ad
936 3861 1087 3917 transitum
1117 3858 1298 3934 Hellesponti

274 3983 308 4026 us
341 3976 445 4039 essent,
472 3976 587 4042 tempus
614 3968 726 4024 venisse
753 3977 843 4037 ratus,
873 3968 1041 4042 priusquam
1070 3975 1146 4021 terra
1168 3965 1298 4038 marique
1314 3961 1345 4014 ll

274 4075 321 4132 ml
347 4084 509 4150 urgeretur,
537 4073 643 4148 agendi
669 4073 705 4130 de
726 4091 806 4147 pace,
828 4072 969 4129 tumulum
993 4067 1296 4145 quendamvadversua

274 4194 346 4238 num
368 4181 472 4239 castris
499 4181 588 4255 cepit3
611 4179 651 4237 ibi
671 4180 799 4254 peditum
821 4180 955 4237 omnibus
977 4179 1068 4254 copiis
1089 4173 1205 4248 relictis,
1232 4172 1348 4229 cum12

274 4288 365 4346 nitate
387 4295 483 4358 (eraut
497 4295 593 4344 autem
606 4295 714 4361 septem
731 4285 821 4342 millia
835 4285 975 4359 equitum)
998 4286 1028 4342 in
1039 4300 1159 4357 campos
1169 4282 1223 4339 sub
1233 4280 1298 4355 ipsa
