3484 5025
498 508 577 559 ursa
591 482 731 559 xxxvn.
756 506 877 573 (aona
894 508 968 572 non
1184 515 1225 571 es

240 696 348 767 metis,
370 698 503 772 utrinque
523 698 624 754 vineas
646 706 674 754 et
696 714 830 771 aggerem
848 716 931 753 muro
952 694 1074 752 iniunxit
1095 706 1124 752 et
1144 696 1264 755 testudi-

239 816 293 858 ne
317 801 421 859 arietes
432 802 569 859 admovit.
615 802 726 876 Quibus
740 804 831 860 territi
847 803 930 859 malis
945 800 1117 875 Colophonii
1132 812 1263 860 oratores
1276 812 1293 866 9

239 923 328 964 trum
361 908 398 962 ad
428 910 462 965 L.
489 909 652 980 AEmilium,
682 910 767 966 fidem
804 909 934 985 proetoris
962 907 1117 983 populique
1137 909 1262 966 Romani

240 1010 410 1082 florentes,
439 1014 586 1071 miserunt.
634 1015 785 1072 AEmilium
815 1028 843 1073 et
871 1015 952 1074 Sami
982 1014 1077 1089 segnis
1108 1012 1155 1069 diu
1179 1033 1262 1072 mora
1277 1019 1312 1071 10

240 1118 391 1186 bdebat,
421 1120 491 1175 nihil
512 1120 606 1175 minus
629 1120 810 1195 opinantem,
842 1140 927 1195 quam
950 1117 1181 1193 Polyxenidam,
1216 1118 1261 1176 bis

239 1224 399 1298 niequam
427 1226 465 1282 ab
492 1244 524 1281 se
552 1236 756 1301 provocatum,
787 1236 958 1301 potestatem
986 1242 1090 1299 pugnoe
1117 1222 1259 1282 facturum

239 1349 279 1401 ῃ
301 1341 331 1387 et
344 1343 427 1406 turpe
442 1331 635 1396 existimabat,
658 1332 795 1389 Eumenis
817 1332 937 1389 classem
961 1330 1099 1387 adiuvare
1114 1330 1259 1387 consulem
1276 1339 1308 1391 ll

240 1437 450 1494 masticandas
471 1437 500 1493 in
512 1437 614 1493 Asiam
637 1438 774 1512 legiones,
796 1435 1016 1511 se·Celophonis
1039 1437 1164 1493 obsessae
1188 1456 1260 1493 aux·

240 1553 264 1588 -'·
301 1544 440 1599 incertam
473 1543 557 1598 finem
593 1544 737 1612 habituro,
778 1543 902 1619 alligari.
949 1542 1099 1599 Eudamus
1119 1541 1260 1612 Rhodius,
1276 1548 1310 1603 tt

240 1643 306 1707 ¹'ret
327 1661 458 1707 tenuerat
479 1667 543 1705 eum
566 1648 647 1707 Sami
661 1649 821 1723 cupientem
833 1647 975 1723 proficisci
986 1647 1016 1703 in
1030 1646 1259 1722 Hellespontum,

239 1747 357 1830 *ique
384 1757 500 1824 instare,
529 1766 560 1811 ut
587 1756 716 1811 duceret:
750 1755 866 1828 Quanto
895 1753 985 1810 satius
1009 1770 1073 1809 esse
1098 1752 1144 1810 vel
1165 1754 1259 1813 socios
1275 1762 1309 1817 13

239 1857 354 1918 mione
376 1862 501 1919 eximere
527 1860 574 1916 vel
605 1860 710 1917 victam
732 1861 790 1918 iam
818 1859 907 1918 semel
930 1858 1050 1915 classem
1072 1858 1173 1917 iterum
1196 1861 1258 1917 vin·

239 1983 256 2017 ι
289 1978 318 2022 et
339 1976 429 2024 totam
451 1966 538 2023 maris
560 1964 770 2040 possessionem
791 1965 867 2022 hosti
889 1966 998 2040 eripere
1020 1982 1116 2036 qnam,
1138 1966 1259 2024 desertis

239 2067 299 2139 fis,
321 2072 427 2128 tradita
455 2072 601 2129 Antiocho
623 2071 698 2128 Asia
718 2081 796 2129 terra
817 2071 957 2145 marique,
978 2070 1007 2125 in
1028 2069 1258 2145 Hellespontum,

240 2173 344 2234 isatis
372 2187 447 2233 esset
469 2176 606 2233 Eumenis
629 2177 738 2246 classis,
762 2179 799 2234 ab
821 2195 875 2233 sua
897 2184 979 2250 parte
1000 2174 1068 2232 belli
1089 2175 1257 2234 discedere?

239 2280 332 2341 iacti
358 2284 396 2340 ab
425 2282 514 2342 Samo
541 2284 580 2341 ad
606 2283 746 2359 petendos
773 2293 961 2352 commeatus,
989 2283 1165 2359 consumptis
1197 2284 1256 2342 iam

239 2389 344 2459 tibus,
368 2388 470 2447 Chium
493 2389 637 2464 parabant
657 2388 805 2458 traiicere;
826 2388 856 2444 id
877 2398 940 2445 erat
961 2389 1095 2447 horreum
1107 2391 1256 2462 Romanis,

239 2507 296 2553 ns
322 2516 421 2553 onrnes
452 2515 488 2552 ex
521 2495 608 2553 Italia
640 2493 734 2552 missa
771 2494 910 2552 onerariae
941 2494 1102 2570 dirigebant
1132 2514 1256 2555 cursum.

239 2603 391 2658 *mvecti
413 2604 451 2659 ab
472 2605 543 2659 urbe
565 2602 603 2658 ad
625 2619 729 2658 aversa
749 2601 857 2688 insula,
870 2601 1056 2675 quaeobiecta
1068 2601 1196 2674 aquiloni
1217 2598 1285 2660 adt

239 2718 305 2763 t‘am
342 2719 371 2764 et
403 2709 545 2784 Erythras
576 2716 652 2778 sunt,
694 2726 780 2782 quum
814 2717 952 2782 pararent
983 2707 1123 2777 traiicere,
1154 2708 1255 2766 litteris

239 2808 308 2870 flor
336 2815 369 2870 fit
389 2825 505 2890 praetor,
532 2813 670 2870 frumenti
701 2815 758 2871 vim
792 2832 927 2889 magnam
965 2811 1067 2870 Chium
1101 2831 1138 2869 ex
1169 2813 1255 2871 Italia

239 2909 323 2988 hae,
351 2918 448 2976 vinum
475 2929 623 2995 portantes
653 2939 742 2977 naves
770 2919 988 2995 tempestatibus
1017 2927 1143 2977 retentas
1173 2937 1253 2990 esse;

239 3014 286 3081 hl
307 3023 425 3082 allatum
448 3036 500 3091 est,
522 3025 612 3082 Teios
632 3025 719 3099 regiae
740 3025 826 3081 classi
846 3035 1024 3082 commeatus
1046 3025 1282 3101 benignam-3

239 3134 304 3201 he,
326 3130 452 3206 quinque
473 3130 562 3188 millia
582 3149 719 3186 vasorum
740 3130 799 3188 vini
824 3148 888 3187 esse
908 3129 1059 3204 pollicitos.
1102 3132 1195 3188 Teum
1217 3150 1253 3189 ex

239 3229 294 3293 lio
315 3254 400 3293 cursu
421 3237 541 3294 classem
564 3246 682 3310 repente
704 3235 816 3306 avertit,
838 3244 889 3291 aut
910 3234 1072 3293 volentibus
1092 3236 1127 3293 iis
1149 3255 1252 3295 usurus

239 3349 363 3405 meatu
386 3350 491 3416 parato
511 3341 659 3411 hostibus,
685 3351 736 3398 aut
756 3341 836 3416 ipsos
858 3359 913 3416 pro
940 3340 1071 3398 hostibus
1091 3341 1251 3399 habiturus.

239 3455 294 3504 tm
319 3446 489 3505 direxissent
510 3447 547 3504 ad
568 3457 675 3504 terram
696 3465 809 3522 proras,
831 3447 991 3522 quindecim
1008 3446 1098 3504 ferme
1109 3448 1150 3504 eis
1160 3452 1280 3507 navesd

239 3564 275 3611 t
302 3554 492 3628 Myonnesum
522 3562 734 3628 apparuerunt,
756 3569 834 3625 ,quas
864 3553 957 3628 primo
985 3573 1023 3610 ex
1049 3554 1141 3611 classe
1170 3555 1251 3630 regia

239 3668 307 3718 taor
320 3675 383 3716 esee
393 3670 474 3716 ratus
488 3659 589 3716 institit
603 3658 699 3731 seqni3
720 3659 855 3732 apparuit
870 3659 981 3728 deinde,
995 3656 1250 3733 piraticoscelocea

240 3765 359 3823 ambos
379 3781 452 3822 esse.
505 3763 642 3822 Chiorum
673 3764 844 3821 maritimam
877 3784 957 3822 oram
982 3763 1159 3839 depopulati,
1184 3769 1279 3822 cumb

239 3871 291 3929 lfa
324 3871 437 3945 generis
467 3870 567 3946 praeda
599 3880 791 3941 revertentes,
823 3879 978 3946 postquam
1006 3868 1104 3925 videre
1131 3888 1168 3926 ex
1189 3870 1249 3927 alto

239 3990 330 4046 nem,
355 3975 385 4032 in
405 3975 505 4050 fugam
527 3984 682 4033 verterunt.
726 3976 767 4033 Et
787 3975 933 4034 celeritate
954 3976 1138 4051 superabant,
1158 3976 1248 4033 levio·

239 4093 276 4140 u
296 4081 385 4138 etad
411 4057 442 4138 id
468 4079 637 4138 fabrefactis
658 4081 789 4156 navigiis,
817 4091 846 4139 et
873 4082 1023 4157 propiores
1047 4092 1129 4139 terrae
1150 4093 1248 4152 erant;

239 4188 477 4263 [capriusquam
485 4187 730 4262 appropinquaret
736 4188 844 4255 classis,
854 4187 1246 4263 Myonnesumperdugerunt.
1259 4192 1277 4248 6

239 4291 281 4354 Ιο
303 4312 373 4352 see
401 4303 486 4369 portu
514 4303 594 4350 ratus
621 4294 832 4352 abstracturum
860 4312 960 4366 naves,
980 4294 1105 4369 *ignarus
1125 4294 1181 4352 loci
1202 4313 1247 4353 se·

239 4408 286 4447 'ln
300 4418 325 4445 ax
338 4418 378 4445 ree.
394 4406 491 4458 ludvigii.
519 4406 550 4444 vl.
1034 4403 1048 4447 5
