3484 5025
443 511 448 520 ’
545 502 772 555 usterxxxvn.
801 500 920 566 (acta
935 500 1006 564 190.)
1227 506 1264 559 55

258 707 370 765 ugnas
391 708 441 747 res
461 689 491 746 id
512 689 578 747 usui
598 688 679 746 iore:
706 701 734 746 et
757 688 898 755 Rhodios,
927 687 1038 762 pacatis
1061 697 1162 743 contra
1183 686 1306 744 insulam

258 812 328 852 mm
351 795 453 865 terris,
474 794 543 852 totis
565 795 675 852 viribus
697 795 862 852 incumbere
883 794 912 849 in
935 795 1018 851 nnius
1040 793 1121 863 belli,
1154 793 1233 867 quod
1254 794 1307 850 ad·

258 917 347 958 mus
367 900 549 958 Antiochum
572 901 624 971 sit,
640 919 739 958 euram
763 918 859 976 posse,
889 908 917 983 et
939 918 1002 956 eam
1027 900 1158 969 classem,
1190 917 1254 973 qua
1276 900 1337 959 in8

258 1002 348 1064 isicia
373 1012 622 1081 compararetur,=
638 1006 804 1077 intercludi,
836 1025 873 1062 ne
894 1005 1082 1081 Polyxenidas
1109 1005 1307 1080 coniungatur.

258 1111 320 1169 iaie
340 1112 469 1169 maxime
492 1113 583 1170 movit
604 1111 754 1169 sententia.
796 1111 912 1168 Placuit
933 1120 1029 1169 tamen
1051 1112 1193 1187 Regillum
1216 1111 1337 1173 elasse9

258 1224 312 1275 aa
331 1218 417 1275 evehi
441 1218 480 1275 ad
500 1227 616 1294 portum
632 1218 742 1295 Ephesi
760 1218 797 1275 ad
819 1217 998 1275 inferendum
1013 1219 1144 1277 hostibus
1159 1227 1307 1275 terrorem.
1371 1286 1372 1289 Ἰ

258 1318 288 1385 3.
310 1323 412 1381 Livius
438 1341 504 1381 cum
533 1325 646 1388 duabus
673 1324 926 1400 quinqueremibus
947 1326 1087 1383 Romanis
1114 1334 1143 1382 et
1171 1332 1308 1398 quattuor
1362 1321 1400 1392 16

258 1428 480 1504 flammantibus
501 1431 624 1488 Rhodiis
646 1439 675 1488 at
697 1431 809 1487 duabus
831 1430 938 1507 apertis
960 1430 1115 1507 Smyrnaeis
1136 1431 1166 1487 in
1187 1431 1307 1506 Lyciam

258 1544 297 1594 ια
325 1536 448 1607 missus,
483 1537 619 1595 Rhodum
646 1536 727 1612 prius
756 1536 850 1593 iussus
883 1537 963 1594 adire
992 1547 1020 1593 et
1050 1537 1147 1595 omnia
1177 1555 1241 1594 oum
1273 1537 1307 1594 iis

258 1641 463 1699 manicare
477 1644 608 1705 consilia.
644 1642 793 1714 Civitates,
809 1661 882 1718 quas
897 1652 1100 1717 praeterveetus
1115 1654 1167 1715 est,
1181 1643 1308 1712 Miletus,
1321 1648 1338 1703 2

258 1741 386 1825 Hyadas,
407 1748 644 1819 Halicarnassus,
666 1748 786 1819 Cnidus,
807 1748 896 1820 Cous,
917 1749 1060 1824 imperata
1075 1750 1158 1808 enixe
1172 1749 1309 1807 fecerunt.

258 1849 385 1914 Rhodum
408 1864 441 1911 ut
461 1864 579 1911 ventum
602 1865 654 1926 est,
676 1855 760 1912 simul
782 1865 819 1925 et,
847 1833 994 1929 adquam
1015 1875 1076 1912 rem
1098 1858 1202 1913 missus
1224 1861 1338 1927 esset,3

258 1955 292 2018 ἦ
315 1961 448 2036 exposmt
477 1969 506 2017 et
533 1960 676 2031 consuluit
703 1980 761 2020 eos.
810 1960 1050 2036 Approbentibua
1079 1962 1187 2019 cunetis
1216 1972 1245 2017 et
1270 1963 1309 2018 ad

258 2059 443 2143 numquam
467 2067 612 2135 habebat,
636 2066 756 2124 classem
779 2067 935 2142 assumptis
956 2067 1047 2124 tribus
1069 2065 1308 2142 quadriremibus,
1376 2086 1378 2089 ’

258 2170 369 2247 sanat
398 2173 520 2229 Patara.
578 2171 679 2229 Primo
706 2174 849 2231 secundus
879 2182 981 2229 ventus
1014 2173 1052 2228 ad
1082 2173 1174 2247 ipsam
1208 2173 1339 2232 urbemi

258 2269 362 2335 haba
396 2296 464 2348 eos,
499 2278 715 2353 sperabantque
752 2278 847 2335 subito
881 2288 992 2335 terrore
1030 2277 1139 2354 aliquid
1170 2287 1308 2335 moturos.

258 2371 422 2458 Umquam,
438 2384 650 2459 circumagente
665 2402 696 2440 se
710 2394 807 2454 vento,
828 2385 961 2442 fluetibus
976 2385 1069 2442 dubiis
1084 2385 1163 2441 volvi
1184 2394 1308 2459 coeptum

258 2491 302 2547 d
318 2507 406 2561 mare,
436 2491 620 2566 pervicerunt
643 2489 758 2565 quidem
780 2489 877 2559 remis,
906 2497 938 2547 ut
959 2498 1087 2548 tenerent
1110 2500 1231 2561 terram3
1259 2489 1339 2550 sed5

258 2606 343 2670 uque
374 2597 453 2654 circa
479 2598 580 2655 urbem
603 2606 666 2654 tuta
686 2595 773 2652 statio
793 2605 873 2666 erat,
901 2616 954 2654 nec
982 2607 1049 2654 ante
1077 2599 1181 2677 ostium
1208 2607 1310 2674 portus
1374 2635 1377 2640 ·

258 2688 294 2769 ,Ἡ
312 2703 373 2760 salo
406 2713 485 2760 stare
525 2711 675 2779 poterant,
712 2720 815 2777 aspero
847 2702 922 2760 mari
955 2712 984 2759 et
1017 2711 1101 2760 noete
1133 2703 1308 2760 imminente.
1402 2695 1406 2701 ’

258 2800 436 2867 'intervecti
463 2810 570 2866 moenia
596 2818 712 2885 portum
734 2807 935 2878 Phoenicunta,
966 2809 1058 2866 minus
1080 2810 1167 2867 dnum
1190 2811 1340 2870 milliumt

258 2915 344 2990 *atio
365 2916 433 2973 inde
456 2916 621 2985 distantem,
649 2914 767 2990 petiere,
794 2914 917 2971 navibus
947 2934 966 2971 a
987 2915 1132 2973 maritima
1152 2917 1181 2973 vi
1202 2926 1309 2985 tntum,

258 3010 304 3089 Η
327 3022 393 3080 altae
421 3022 541 3098 insuper
566 3021 754 3080 imminebant
782 3037 885 3095 rupes,
918 3039 990 3093 quas
1012 3022 1142 3078 celeriter
1163 3022 1338 3097 oppidani,7

258 3120 406 3204 [hamptis
427 3128 516 3203 regiis
537 3127 684 3196 militibus,
707 3145 780 3201 quos
794 3127 824 3182 in
841 3126 974 3201 praesidio
986 3127 1141 3197 habebant,
1164 3137 1309 3203 oeperunt.

258 3228 400 3292 idrerstm
420 3253 495 3310 quos
510 3233 621 3303 Livius,
652 3251 819 3307 quanquam
840 3241 924 3288 erant
944 3232 1043 3305 iniqua
1065 3250 1099 3289 ac
1121 3232 1250 3291 difficilia
1272 3235 1340 3294 ad8

258 3316 342 3417 ¹Bittis
361 3341 440 3411 loca,
462 3341 569 3396 Issaeos
591 3338 747 3396 auxiliares
768 3348 797 3394 et
821 3338 1034 3412 Smyrnaeorum
1058 3339 1209 3415 expeditos
1228 3340 1309 3420 iuve-

258 3450 305 3525 μ
325 3445 413 3507 misit.
488 3445 530 3515 Ii,
563 3445 632 3502 dum
660 3444 815 3501 missilibus
842 3445 937 3519 primo
969 3455 998 3501 et
1030 3445 1169 3503 adversus
1201 3449 1340 3522 paucos9

259 3538 359 3613 ,bibus
387 3551 609 3609 excursionibus
640 3551 837 3607 lacessebatur
865 3551 958 3625 magis
987 3570 1073 3624 qnam
1107 3552 1311 3608 conserebatur

258 3658 363 3728 tgna,
399 3656 598 3715 sustinuerunt
636 3640 797 3724 certamen3
838 3666 993 3730 postquam
1031 3660 1128 3733 plures
1169 3676 1205 3714 ex
1239 3659 1310 3714 urbe
1326 3662 1361 3716 10

259 3751 409 3820 ffluebant
429 3772 459 3818 et
480 3762 539 3819 iam
562 3761 656 3818 omnis
677 3761 830 3818 multitudo
853 3759 1062 3832 effundebatur,
1088 3764 1175 3820 timor
1195 3763 1311 3821 incessit
1334 3753 1340 3762 ¹

258 3848 375 3938 idriam
395 3887 434 3924 ne
456 3877 486 3925 et
508 3867 665 3924 auxiliares
680 3866 953 3925 circumvenirentur
971 3877 999 3925 et
1020 3869 1142 3947 naribus
1164 3871 1249 3927 etiam
1273 3870 1310 3926 ab

258 3962 325 4043 ,bre
360 3973 521 4049 periculum
555 3983 639 4033 esset,
696 3973 744 4029 Ita
776 3991 834 4028 non
865 3973 970 4031 milites
998 3975 1108 4045 solum,
1144 3976 1196 4033 sed
1224 3976 1309 4038 etiam
1327 3981 1358 4035 11

258 4076 368 4138 *vales
390 4080 497 4148 socios,
522 4079 663 4154 remigum
686 4080 811 4148 turbam,
833 4080 937 4152 quibus
960 4081 1080 4156 quisque
1102 4091 1217 4157 poterat
1238 4081 1310 4151 telis,

258 4180 379 4243 *matos
401 4186 432 4243 in
456 4184 592 4262 proelium
614 4184 722 4242 eduxit.
764 4185 841 4241 Tum
864 4204 980 4261 quoque
1002 4167 1107 4264 anceps
1129 4187 1361 4264 pugnaluit,12

258 4295 344 4367 lsque
373 4279 479 4350 milites
509 4289 603 4349 solum
636 4290 762 4365 aliquot,
804 4293 854 4348 sed
886 4293 922 4350 L.
950 4295 1092 4370 Apustius
1125 4295 1310 4353 tumultuario
