3484 5025
522 526 741 578 marmur
775 523 971 592 (acuns.)
1171 529 1229 589 ut

252 721 407 784 mtntem,
442 730 507 788 qua
539 713 687 789 praedandi
719 731 809 771 causa
843 713 873 770 iu
909 712 997 769 armis
1030 721 1093 770 erat
1128 711 1211 785 (tunc
1240 712 1270 769 in

252 819 311 876 rias
333 819 425 876 silvas
444 818 626 894 recesserat),
648 818 679 876 in
701 819 875 876 deditionem
897 827 1043 876 venerunt.
1091 818 1126 875 In
1149 817 1301 894 Liguresb

252 924 280 982 le
304 924 458 982 traductus
488 926 639 986 exercitus.
695 925 762 983 Boii
788 924 977 1000 negligentius
1008 934 1139 981 coactum
1167 942 1271 1000 agmen

252 1047 433 1101 omanorum,
462 1031 531 1106 quia
557 1032 614 1108 ipsi
640 1032 741 1108 procul
769 1032 871 1088 abesse
897 1030 1077 1101 viderentur,
1113 1030 1271 1105 improviso

252 1151 406 1211 panemos
434 1155 466 1195 se
493 1138 550 1195 rati
584 1157 637 1214 per
667 1137 794 1194 occultos
824 1136 914 1193 saltus
943 1136 1033 1193 secuti
1059 1146 1133 1194 sunt.
1190 1136 1304 1209 Quoad

252 1255 282 1298 tu
298 1242 411 1317 adepti,
432 1243 519 1300 Pado
539 1252 656 1319 repente
679 1242 801 1300 navibus
822 1242 956 1312 traiecto,
980 1242 1084 1299 Lavos
1106 1242 1273 1317 Libuosque

252 1361 307 1421 μι
333 1358 565 1423 pervastassent,
604 1350 754 1406 redeuntes
790 1347 856 1405 inde
883 1368 936 1424 per
962 1348 1100 1423 Ligurum
1128 1358 1273 1406 extremos

252 1455 292 1510 ὴ
325 1471 391 1511 eum
431 1454 539 1529 agresti
578 1453 677 1529 praeda
718 1454 748 1511 in
790 1472 893 1529 agmen
936 1454 1063 1511 incidunt
1099 1455 1272 1513 Romanum.

252 1553 357 1616 tatum
395 1560 514 1617 celerius
547 1560 700 1635 aeriusque
734 1560 933 1630 commissum,
970 1579 1057 1634 quam
1088 1560 1113 1616 si
1143 1564 1303 1635 tempore?

252 1673 342 1739 uque
362 1665 401 1723 ad
416 1678 561 1726 certarnen
582 1666 733 1738 destinato,
754 1667 922 1742 praeparatis
938 1666 1040 1723 animis
1055 1659 1272 1723 concurrissent.

252 1765 284 1840 Ε,
300 1781 435 1846 quantam
449 1772 507 1829 vim
528 1772 566 1828 ad
581 1772 769 1829 stimulandos
784 1772 895 1828 animos
915 1772 960 1828 ira
974 1773 1102 1841 haberet,
1123 1772 1273 1846 apparuit;
1287 1774 1304 1830 8

252 1887 293 1933 h
315 1878 354 1934 ita
375 1879 461 1935 cadis
483 1879 576 1953 magis
597 1897 683 1953 quam
707 1878 834 1934 victorias
859 1878 937 1935 avidi
957 1888 1121 1953 pugnarunt
1139 1877 1273 1949 Romani,

252 1984 324 2042 'vix
343 1986 473 2041 nuntium
495 1984 584 2042 cladis
605 1985 681 2041 hosti
701 1984 902 2058 relinquerent.
959 1982 1005 2042 Ob
1027 1984 1080 2040 has
1099 2001 1146 2039 res
1167 1986 1305 2056 gestas,9

252 2089 368 2158 hlum
386 2090 488 2147 litteris
499 2092 621 2149 Romam
643 2090 747 2162 allatis,
770 2090 941 2165 supplicatio
962 2090 992 2147 in
1013 2090 1138 2148 triduum
1160 2088 1275 2146 decreta

252 2193 286 2252 k
318 2195 405 2254 Brevi
426 2208 493 2272 post
513 2196 666 2252 Marcellus
687 2196 787 2252 consul
807 2197 930 2253 Romam
951 2195 1038 2263 venit,
1059 2194 1276 2269 triumphusque

252 2291 386 2378 hagno
418 2319 559 2359 consensu
592 2310 706 2377 patrum
738 2311 782 2357 est
813 2301 953 2357 decretus.
1008 2300 1212 2374 Triumphauit
1244 2300 1274 2356 in
1290 2303 1326 2357 10

252 2405 393 2481 Ιξιπειιι
421 2408 457 2464 de
484 2408 652 2465 insubribus
681 2404 942 2479 Comensibusque3
973 2406 1110 2462 Boiorum
1139 2405 1274 2481 triumphi

252 2520 307 2587 μ
325 2515 444 2590 collegae
464 2515 594 2589 reliquit,
624 2514 693 2589 quia
712 2513 769 2588 ipsi
789 2513 905 2588 proprie
926 2512 1049 2570 adversa
1071 2530 1168 2587 pugna
1188 2513 1218 2569 in
1240 2531 1275 2569 ea

252 2612 309 2677 Ue
328 2630 481 2690 evenerat,
514 2639 576 2677 cum
606 2620 717 2695 collega
743 2621 878 2676 secunda.
923 2618 1016 2677 Multa
1036 2617 1130 2692 spolia
1150 2617 1274 2675 hostium
1290 2618 1325 2675 tt

252 2725 344 2801 qtivis
366 2727 512 2802 carpentis
539 2735 717 2794 transvecta,
739 2726 830 2783 multa
851 2724 985 2782 militaria
1006 2725 1103 2800 signa;
1132 2725 1195 2781 aeris
1216 2725 1276 2782 lata

252 2842 351 2889 uua
370 2832 474 2908 viginti
495 2832 598 2903 millia,
625 2832 736 2907 argenti
756 2830 847 2906 bigati
868 2830 991 2887 ducenta
1008 2831 1126 2906 triginta
1142 2839 1278 2905 quattuor

252 2934 328 3008 uua
358 2939 390 2994 in
418 2938 530 3014 pedites
557 2938 685 3012 singulos
709 2937 769 2994 dati
791 2936 923 3011 octogeni
951 2937 1029 3008 aeris,
1057 2936 1161 3011 triplex
1190 2935 1278 3010 equiti
1292 2937 1329 2993 12

252 3043 449 3118 mrionique.

306 3149 420 3207 Eodem
449 3168 524 3206 anno
550 3150 712 3207 Antiochus
739 3166 808 3217 rex,
837 3165 925 3221 quum
954 3146 1132 3203 hibernasset
1159 3145 1277 3220 Ephesi,
1325 3142 1373 3211 38

252 3270 325 3312 unes
347 3257 428 3312 Asiae
455 3256 586 3313 civitates
612 3256 642 3312 in
669 3255 815 3328 antiquam
839 3251 951 3326 imperii
973 3250 1126 3324 formulam
1147 3250 1278 3324 redigere

252 3368 421 3419 leonatus.
468 3362 508 3420 Et
528 3370 638 3419 ceteras
660 3361 788 3436 quidem,
812 3369 862 3416 aut
884 3358 951 3432 quia
971 3357 1042 3413 locis
1063 3356 1155 3431 planis
1178 3356 1309 3431 positae2

252 3476 309 3523 runt
329 3474 381 3524 aut
403 3467 470 3540 quia
490 3485 593 3541 parum
615 3468 755 3524 moenibus
777 3467 922 3539 armisque
943 3482 977 3520 ac
992 3463 1132 3520 iuventuti
1144 3464 1279 3532 fidebant,

252 3573 305 3630 aad
315 3572 469 3630 difficulter
478 3573 596 3629 videbat
606 3573 703 3648 iugum
715 3582 897 3647 accepturas;
918 3570 1044 3644 Zmyrna
1061 3579 1089 3625 et
1101 3570 1278 3643 Lampsacus
1292 3573 1310 3627 3

252 3674 389 3735 bartatem
410 3680 597 3752 usurpabant,
620 3678 834 3753 periculumque
856 3687 926 3746 erat,
947 3695 992 3746 na,
1013 3676 1038 3730 si
1059 3693 1223 3731 concessum
1244 3673 1279 3730 iis

252 3785 396 3860 oretquod
404 3785 589 3854 intenderent,
600 3785 754 3859 Zmyrnam
763 3783 793 3838 in
802 3781 1075 3856 AEolideloniaque,
1087 3781 1280 3855 Lampsacum

252 3890 455 3966 uHellesponto
474 3891 537 3947 aliae
553 3891 639 3947 urbes
654 3899 848 3963 sequerentur.
879 3889 971 3963 Igitur
990 3898 1018 3944 et
1034 3887 1096 3962 ipse
1115 3886 1152 3942 ab
1163 3886 1311 3960 Ephesod

252 3994 443 4074 tlZmymam
465 3995 650 4052 obsidendam
678 3995 770 4064 misit,
803 4006 832 4052 et
859 4012 923 4068 quae
945 3991 1044 4066 Abydi
1071 3994 1161 4068 copiae
1191 3983 1282 4063 erant,

252 4103 364 4159 midio
374 4111 482 4158 tantum
495 4101 607 4157 modico
618 4100 797 4170 1·elicto,duci
808 4101 845 4156 ad
853 4101 1046 4174 Lampsacum
1059 4097 1281 4173 oppugnandam
1351 4160 1354 4164 ,

252 4206 321 4264 unit
366 4207 428 4264 Nec
438 4207 467 4263 vi
478 4216 588 4263 tanturn
600 4208 734 4276 terrebat,
749 4205 800 4262 sed
814 4225 866 4280 per
876 4206 987 4279 legatos
999 4204 1099 4260 leniter
1110 4204 1282 4277 alloquendo
1295 4208 1314 4262 5

252 4312 457 4387 nstigandoque
465 4313 653 4369 temeritatem
666 4330 700 4368 ac
710 4311 896 4386 pertinaciam
914 4328 993 4386 spem
1005 4310 1165 4367 conabatur
1178 4308 1284 4380 facere,

1056 4412 1085 4463 St
