3484 5025
616 520 761 573 uiserxn.
781 521 983 588 (sensim.)
1229 529 1287 586 243
1337 494 1342 510 Χ

359 707 444 764 Veris
465 707 606 783 principio
627 709 720 778 huius,
742 707 809 768 dum
832 711 964 768 consules
984 729 1077 767 noros
1098 710 1218 769 dilectus
1233 713 1364 772 Romtess

272 822 361 883 tenet,
383 831 461 871 rnors
482 812 584 871 deinde
605 813 722 872 alterius
743 826 771 873 et
792 817 909 873 creandi
925 816 1042 874 comitis
1056 816 1181 873 consulis
1195 814 1224 873 in
1239 816 1333 874 locum
1394 833 1397 842 ’

273 916 337 973 eius
358 919 456 975 omnia
476 918 605 977 tardiora
625 894 764 991 fecerunt,
784 922 898 980 interim
919 923 955 980 P.
975 920 1129 1000 ¹Cornelius
1153 933 1182 978 et
1203 923 1245 979 M.
1268 923 1362 985 Bae-9

272 1024 348 1093 bius,
370 1024 469 1098 quiin
491 1027 641 1082 consulatu
663 1027 733 1084 nihil
754 1028 943 1088 memorabile
963 1038 1120 1105 gesserant,
1141 1028 1170 1085 in
1191 1031 1332 1103 Apuanos

274 1129 398 1203 Ligures
425 1131 580 1189 exercitum
609 1132 792 1193 induxerunt.
836 1125 974 1209 Ligures,
1007 1134 1056 1208 qni
1086 1144 1153 1191 aute
1178 1134 1332 1191 adventum
1386 1133 1427 1204 38

271 1233 303 1290 in
325 1235 504 1309 provinciam
529 1238 677 1295 consulum
706 1257 765 1295 nou
793 1248 995 1315 expectassent
1020 1238 1144 1309 bellurn,
1175 1239 1333 1315 improviso

272 1341 405 1415 oppressi
436 1342 474 1399 sd
503 1344 652 1401 duodecim
674 1344 764 1401 millia
792 1344 940 1403 hominum
971 1343 1141 1401 dediderunt
1173 1362 1213 1403 se.
1258 1326 1362 1416 ¹Enni

272 1446 404 1504 consulto
425 1467 478 1523 per
497 1448 609 1506 litteras
635 1450 716 1525 prins
741 1459 860 1518 senatu,
891 1448 1034 1514 deducere
1064 1467 1102 1506 ex
1128 1450 1272 1507 montibus
1304 1450 1334 1507 in

272 1571 361 1627 agros
382 1564 557 1641 campestres
578 1554 679 1630 procul
699 1556 738 1613 ab
758 1556 855 1625 domo,
877 1573 924 1611 ne·
937 1554 1048 1611 reditus
1068 1571 1135 1629 spes
1156 1564 1239 1624 esset,
1261 1553 1333 1614 Co'r-

271 1658 364 1719 nelius
386 1670 415 1717 ct
436 1660 551 1717 Baebius
565 1671 736 1731 statuerunt,
757 1661 865 1718 nullum
890 1660 976 1717 elium
1000 1669 1067 1717 ente
1085 1661 1171 1717 finem
1193 1662 1249 1718 rati
1270 1660 1333 1718 fore

272 1765 416 1840 Ligustini
446 1765 522 1823 belli
560 1754 650 1840 ‘Ager
678 1767 810 1841 publicus
839 1766 939 1842 populi
962 1766 1087 1823 Romani
1111 1767 1224 1824 eratin
1246 1766 1362 1826 Sam-3

270 1871 387 1940 ultibus,
410 1872 460 1946 qui
473 1871 709 1929 Taurasinorum
723 1873 830 1944 fuerat
878 1872 923 1928 Eo
943 1890 1025 1946 quum
1045 1872 1196 1929 traducere
1210 1873 1332 1948 Ligures

271 1980 415 2051 Apuanos
437 1978 552 2047 vellent,
574 1978 733 2047 edixerunt,
756 1986 788 2035 ut
799 1977 920 2054 Ligures
932 1978 1052 2053 Apuani
1066 1978 1103 2034 de
1116 1978 1260 2035 montibus
1281 1980 1332 2035 de·

269 2083 440 2140 scenderent
460 2102 525 2140 cum
546 2083 644 2141 liberis
669 2084 908 2160 coniugibusqne3
940 2102 994 2142 sue
1023 2084 1120 2142 omnia
1146 2102 1242 2141 secum
1264 2103 1332 2159 por·
1431 2095 1434 2104 ⁴

268 2199 374 2245 tarent.
408 2190 530 2265 Ligures
550 2206 627 2263 saepe
647 2206 700 2264 per
720 2190 832 2265 legatos
847 2187 1003 2266 deprecati,
1024 2192 1061 2247 ne'
1074 2199 1203 2265 penates,
1224 2191 1362 2260 sedem‚4
1414 2233 1423 2243 .

233 2295 235 2299 ’
265 2296 296 2353 in
320 2314 379 2369 qua
399 2296 488 2370 geniti
510 2304 614 2364 essent,
642 2293 775 2369 sepulcre
797 2296 940 2352 maiorum
967 2299 1145 2371 cogerentur.
1160 2294 1331 2370 relinquere,

268 2421 362 2467 arma,
384 2402 499 2458 obsides
514 2400 738 2475 pollicebantur3
759 2409 914 2475 postquam
936 2400 1007 2457 nihil
1028 2401 1223 2476 impetrabant
1237 2405 1360 2475 neque5
1447 2474 1449 2478 y

269 2507 348 2565 virus
368 2506 405 2565 ad
435 2506 599 2564 bellandum
632 2518 732 2576 eraut,
763 2506 857 2564 edicto
884 2519 1051 2582 paruerunt.
1098 2507 1239 2566 Traducti
1266 2511 1361 2567 snntii

250 2613 386 2689 ¹publico
407 2623 523 2688 sumptu
545 2614 583 2670 ad
605 2612 798 2688 quadraginta
820 2612 909 2670 millia
938 2613 1094 2672 liberorum
1117 2612 1243 2689 capitum
1266 2633 1330 2670 cum
1441 2590 1443 2600 Ι

266 2721 384 2777 feminis
406 2720 568 2795 puerisque.
601 2718 725 2810 Argputi
739 2719 809 2776 data
830 2727 942 2777 centum
959 2728 988 2775 et
1009 2718 1218 2794 quinquaginta
1232 2719 1331 2791 millia,
1409 2789 1411 2794 Ι

267 2825 347 2882 unde
376 2826 407 2882 iu
431 2842 523 2882 noves
544 2825 628 2882 sedes
654 2834 866 2901 compararent,
896 2842 959 2900 quoe
981 2844 1055 2900 opus
1085 2835 1189 2882 esseut.
1247 2829 1360 2901 Agroi

267 2931 425 2988 dividendo
448 2929 602 3004 dandoque
622 2931 723 3002 iidem,
746 2930 796 3005 qui
816 2930 1021 2999 traduxerant,
1044 2929 1194 2989 Cornelius
1216 2939 1244 2988 et
1265 2932 1330 2989 Bee-

265 3038 333 3095 bius
354 3036 514 3112 prepositi3
533 3035 744 3111 postulantibus
765 3047 863 3093 tamen
884 3035 954 3110 ipsis
976 3036 1158 3111 quinqueviri
1175 3038 1213 3094 eb
1227 3048 1329 3094 senatu

266 3144 339 3214 dati,
358 3162 479 3218 qnorum
502 3159 539 3198 ex
560 3141 680 3199 consilio
701 3151 829 3217 egerent
880 3141 1045 3199 Trsnsacta
1064 3161 1111 3213 re,
1141 3161 1228 3217 quum
1251 3145 1360 3202 vete-8

266 3270 329 3308 rem
353 3250 508 3307 exercitum
530 3249 654 3306 Romam
677 3247 879 3317 deduxissent,
907 3246 1069 3322 triumphus
1098 3247 1136 3304 ab
1163 3257 1264 3305 senatu
1286 3259 1330 3306 est

266 3358 408 3413 decretus.
456 3355 497 3412 Hi
526 3353 653 3411 omnium
674 3352 760 3428 primi
781 3351 860 3410 nullo
893 3351 968 3409 bello
1000 3362 1082 3427 gesto
1108 3353 1359 3428 triumpharuntll

266 3466 396 3522 Tantum
418 3461 520 3520 hostie
540 3460 633 3517 ductas
654 3468 722 3517 ante
741 3450 872 3523 currum,
906 3457 974 3532 qnia
1005 3477 1058 3516 neo
1098 3459 1177 3533 qnod
1206 3459 1330 3520 ferretur
1414 3476 1417 3481 ’

265 3589 362 3645 neque
383 3568 462 3645 qnod
487 3566 639 3624 duceretur
658 3573 774 3641 captum
802 3568 897 3638 neque
924 3565 1002 3638 quod
1035 3565 1172 3624 militibus
1203 3566 1329 3637 daretur,

267 3678 423 3754 quicquum
443 3675 474 3732 iu
494 3671 646 3748 triumphis
667 3689 767 3728 eorum
788 3669 893 3729 iuerat.

353 3778 464 3836 Eodem
487 3797 563 3836 anno
583 3777 615 3835 in
635 3776 781 3852 Hispanis
794 3775 915 3833 Fulvius
929 3775 1053 3834 Flaccus
1073 3777 1237 3852 proconsul,
1248 3755 1332 3853 -quia'
1380 3774 1422 3847 39

265 3901 417 3942 successor
444 3885 474 3941 in
496 3884 674 3960 provinciam
696 3882 808 3940 tardius
828 3881 977 3949 veniebat,
1010 3881 1116 3940 educas
1142 3884 1268 3940 exercitu
1290 3903 1327 3942 ex
1433 3930 1436 3935 .
1468 3896 1471 3903 “

265 3991 393 4049 hibernis
415 3990 579 4048 ulteriorem
601 3989 763 4048 Celtiberis
783 4006 896 4063 agrum,
918 3987 994 4045 unde
1015 3987 1053 4044 ad
1074 3987 1247 4046 deditionem
1269 4008 1326 4046 non

265 4106 423 4165 venerant,
451 4095 557 4153 ¹institit
583 4105 715 4165 vestare3
746 4111 805 4169 qua
832 4112 864 4151 re
885 4093 1010 4151 irritavit
1030 4093 1124 4167 magis
1150 4112 1237 4167 quem
1258 4099 1356 4155 con-2

267 4201 371 4260 terruit
392 4201 505 4258 animos
527 4203 733 4285 barbarorum,
753 4209 784 4257 et
806 4199 881 4286 clam
903 4197 1079 4274 comparatis
1101 4197 1200 4272 copiis,
1222 4199 1326 4256 saltum

265 4308 464 4380 Manlianum,
500 4295 657 4384 perquem
679 4305 865 4365 transiturum
891 4303 1047 4363 exercitum
1069 4304 1235 4361 Romanum
1255 4305 1326 4362 sutis

1078 4404 1126 4457 16*
