3484 5025
380 520 383 537 ,
430 494 489 551 200
681 490 760 540 usu
776 487 904 541 xxxrx.
939 487 1059 551 (aas
1074 489 1151 553 571.)

345 687 368 740 .“
416 681 419 693 “
472 678 520 735 Ex
552 674 663 733 Histria
694 683 848 757 revocatus
880 674 922 731 M.
954 674 1127 744 Marcellus,
1165 675 1295 731 exercitu
1325 673 1428 744 dimisso,

357 788 373 843 4
387 786 511 842 Romam
527 781 708 839 comiliorum
727 798 816 837 causa
830 780 925 837 rediit.
970 778 1090 837 Creavil
1107 780 1245 837 consules
1259 778 1311 837 Cn.
1324 780 1427 837 Baebiun

387 890 573 965 Tamphilum
593 876 622 944 et
644 888 677 946 L.
699 885 851 944 AEmilium
874 886 1008 955 Batulum.
1055 884 1130 943 Cum
1150 887 1427 962 MAEmilinLepido

318 1009 321 1015 '
386 996 433 1053 hic
459 994 548 1052 aedilis
572 992 678 1051 curulis
698 990 810 1063 iuerat,
838 1011 857 1047 a
887 1012 945 1066 que
967 992 1085 1049 consule
1112 992 1232 1066 quintus
1263 1010 1351 1047 annus
1374 1001 1428 1062 erat,

331 1103 333 1107 '
388 1120 475 1175 quum
498 1099 523 1155 is
544 1098 607 1173 ipse
629 1098 755 1173 Lepidus
782 1108 857 1173 post>
870 1098 943 1154 duas
964 1098 1096 1180 repulsus
1123 1099 1227 1156 consul
1251 1097 1343 1155 factus
1364 1110 1428 1159 esset.

358 1206 532 1266 dPraetores
554 1203 711 1261 indefecti
733 1204 769 1277 Q.
793 1204 913 1261 Fulvius
935 1204 1067 1273 Flaccus,
1092 1205 1134 1262 M.
1156 1198 1295 1261 Valerius
1311 1205 1429 1275 Laevinns,

387 1310 712 1379 Ronmanorum,
740 1310 784 1367 M.
805 1292 948 1386 Ogulnius
970 1310 1088 1383 Gallus,
1120 1312 1154 1368 L.
1178 1308 1312 1367 Caecilius
1333 1313 1428 1379 Denter,

388 1414 421 1472 Ο.
444 1415 598 1473 Terentius
620 1416 707 1477 Istra,
1175 1398 1192 1421 ‘¹

357 1532 375 1586 6
403 1557 405 1564 ·
471 1521 651 1598 Supplicntio
675 1531 805 1579 exiremo
829 1541 906 1578 anuo
928 1521 983 1581 fuir
1007 1523 1207 1598 prodigiorum
1238 1541 1341 1593 causa,
1369 1523 1429 1598 quod

387 1629 527 1703 sanguine
546 1648 597 1703 per
614 1627 732 1685 biduum
747 1628 874 1703 pluvisse
888 1630 917 1687 in
934 1649 1002 1686 area
1016 1628 1188 1687 Concordiae
1201 1630 1276 1687 'satis
1290 1631 1429 1701 credebam,

387 1734 607 1807 nuntiatumque
629 1745 701 1801 erat,
722 1736 801 1791 haud
822 1736 922 1811 procul
944 1735 1042 1794 Sicilia
1062 1736 1198 1808 insulam,
1221 1756 1287 1811 quae
1308 1756 1361 1793 non
1379 1748 1430 1792 ante

358 1840 497 1909 lfuerat,
523 1859 630 1896 novam
662 1840 767 1897 editam
798 1859 814 1897 e
842 1843 914 1898 mari
942 1860 1013 1926 esse.
1069 1842 1268 1925 Hannibalem
1296 1844 1349 1920 lroc
1372 1861 1429 1899 anno

387 1946 493 2003 Aulius
513 1945 650 2003 Valerius
669 1946 825 2003 decessisse
846 1959 890 2004 est
912 1958 1027 2016 auctor,
1053 1948 1158 2023 legalis
1182 1951 1222 2006 ad
1245 1969 1310 2006 eam
1331 1969 1384 2006 rem
1402 1946 1430 2003 ad

300 2113 302 2122 ¹
386 2051 521 2108 Prusiam
536 2052 632 2110 missis
648 2066 752 2129 praeler
768 2055 805 2111 T.
818 2053 982 2126 Quinctium
995 2054 1202 2125 Flamininum,
1223 2055 1307 2113 cuius
1325 2057 1352 2112 in
1367 2074 1397 2112 ca
1408 2072 1431 2111 ra

386 2157 499 2215 celebre
513 2168 557 2215 est
571 2154 686 2230 nornen,
702 2160 737 2220 L.
749 2159 886 2235 Scipione
899 2161 1031 2240 Asiatico
1046 2171 1075 2218 et
1088 2156 1124 2219 P.
1137 2160 1279 2237 Scipione
1289 2155 1403 2221 Nasica·
