<?xml version="1.0" encoding="UTF-8"?>
<!DOCTYPE html PUBLIC "-//W3C//DTD XHTML 1.0 Transitional//EN"
    "http://www.w3.org/TR/xhtml1/DTD/xhtml1-transitional.dtd">
<html xmlns="http://www.w3.org/1999/xhtml" xml:lang="en" lang="en">
 <head>
  <title>
</title>
<meta http-equiv="Content-Type" content="text/html;charset=utf-8" />
  <meta name='ocr-system' content='tesseract 3.04.00' />
  <meta name='ocr-capabilities' content='ocr_page ocr_carea ocr_par ocr_line ocrx_word'/>
</head>
<body>
  <div class='ocr_page' id='page_1' title='image "./titiliviihistor00ussigoog_0106.png"; bbox 0 0 3484 5025; ppageno 0'>
   <div class='ocr_carea' id='block_1_1' title="bbox 468 511 1206 575">
    <p class='ocr_par' dir='ltr' id='par_1_1' title="bbox 468 511 1206 575">
     <span class='ocr_line' id='line_1_1' title="bbox 468 511 1206 575; baseline 0 -14"><span class='ocrx_word' id='word_1_1' title='bbox 468 512 507 569; x_wconf 83' lang='lat' dir='ltr'><strong>aa</strong></span> <span class='ocrx_word' id='word_1_2' title='bbox 723 512 802 561; x_wconf 71' lang='lat' dir='ltr'><strong>nitar</strong></span> <span class='ocrx_word' id='word_1_3' title='bbox 818 511 935 565; x_wconf 77' lang='lat' dir='ltr'><strong>xxxin</strong></span> <span class='ocrx_word' id='word_1_4' title='bbox 981 512 1027 575; x_wconf 76' lang='lat' dir='ltr'><strong>(a</strong></span> <span class='ocrx_word' id='word_1_5' title='bbox 1042 528 1065 561; x_wconf 80' lang='lat' dir='ltr'><strong>u.</strong></span> <span class='ocrx_word' id='word_1_6' title='bbox 1081 526 1103 564; x_wconf 75' lang='lat' dir='ltr'><strong>s.</strong></span> <span class='ocrx_word' id='word_1_7' title='bbox 1117 513 1206 574; x_wconf 77' lang='lat' dir='ltr'><strong>aaa).</strong></span> 
     </span>
    </p>
   </div>
   <div class='ocr_carea' id='block_1_2' title="bbox 394 678 1492 1715">
    <p class='ocr_par' dir='ltr' id='par_1_2' title="bbox 425 678 1487 874">
     <span class='ocr_line' id='line_1_2' title="bbox 426 678 1487 773; baseline 0.006 -24"><span class='ocrx_word' id='word_1_8' title='bbox 426 678 598 750; x_wconf 75' lang='lat' dir='ltr'>Corinthum</span> <span class='ocrx_word' id='word_1_9' title='bbox 615 696 775 762; x_wconf 86' lang='lat' dir='ltr'><strong>admoveri,</strong></span> <span class='ocrx_word' id='word_1_10' title='bbox 797 696 891 769; x_wconf 87' lang='lat' dir='ltr'><strong>captis</strong></span> <span class='ocrx_word' id='word_1_11' title='bbox 903 695 1058 753; x_wconf 71' lang='lat' dir='ltr'><strong>Cenchreis</strong></span> <span class='ocrx_word' id='word_1_12' title='bbox 1080 697 1137 753; x_wconf 89' lang='lat' dir='ltr'><strong>iam</strong></span> <span class='ocrx_word' id='word_1_13' title='bbox 1160 698 1261 754; x_wconf 89' lang='lat' dir='ltr'><strong>urbem</strong></span> <span class='ocrx_word' id='word_1_14' title='bbox 1278 697 1373 773; x_wconf 81' lang='lat' dir='ltr'><strong>ipsam</strong></span> <span class='ocrx_word' id='word_1_15' title='bbox 1385 698 1487 771; x_wconf 78' lang='lat' dir='ltr'><strong>Quinc-</strong></span> 
     </span>
     <span class='ocr_line' id='line_1_3' title="bbox 425 799 684 874; baseline 0.008 -20"><span class='ocrx_word' id='word_1_16' title='bbox 425 799 466 854; x_wconf 89' lang='lat' dir='ltr'><strong>tio</strong></span> <span class='ocrx_word' id='word_1_17' title='bbox 489 810 684 874; x_wconf 86' lang='lat' dir='ltr'><strong>oppugnante.</strong></span> 
     </span>
    </p>

    <p class='ocr_par' dir='ltr' id='par_1_3' title="bbox 394 903 1489 1295">
     <span class='ocr_line' id='line_1_4' title="bbox 394 903 1487 982; baseline 0.005 -24"><span class='ocrx_word' id='word_1_18' title='bbox 394 915 411 966; x_wconf 82' lang='grc'>4</span> <span class='ocrx_word' id='word_1_19' title='bbox 510 903 549 959; x_wconf 86' lang='lat' dir='ltr'><strong>Et</strong></span> <span class='ocrx_word' id='word_1_20' title='bbox 567 903 597 960; x_wconf 93' lang='lat' dir='ltr'><strong>hi</strong></span> <span class='ocrx_word' id='word_1_21' title='bbox 620 905 735 978; x_wconf 88' lang='lat' dir='ltr'><strong>quidem</strong></span> <span class='ocrx_word' id='word_1_22' title='bbox 759 925 775 962; x_wconf 92' lang='lat' dir='ltr'><strong>e</strong></span> <span class='ocrx_word' id='word_1_23' title='bbox 796 906 915 980; x_wconf 83' lang='lat' dir='ltr'><strong>regione</strong></span> <span class='ocrx_word' id='word_1_24' title='bbox 939 914 1040 977; x_wconf 77' lang='lat' dir='ltr'><strong>portae,</strong></span> <span class='ocrx_word' id='word_1_25' title='bbox 1063 924 1127 979; x_wconf 85' lang='lat' dir='ltr'><strong>quae</strong></span> <span class='ocrx_word' id='word_1_26' title='bbox 1141 904 1198 962; x_wconf 85' lang='lat' dir='ltr'><strong>fert</strong></span> <span class='ocrx_word' id='word_1_27' title='bbox 1213 906 1383 981; x_wconf 72' lang='lat' dir='ltr'><strong>Sicyonem,</strong></span> <span class='ocrx_word' id='word_1_28' title='bbox 1403 926 1487 982; x_wconf 89' lang='lat' dir='ltr'><strong>posu·</strong></span> 
     </span>
     <span class='ocr_line' id='line_1_5' title="bbox 426 1007 1489 1085; baseline 0.003 -21"><span class='ocrx_word' id='word_1_29' title='bbox 426 1019 510 1064; x_wconf 91' lang='lat' dir='ltr'><strong>erunt</strong></span> <span class='ocrx_word' id='word_1_30' title='bbox 543 1018 656 1078; x_wconf 72' lang='lat' dir='ltr'><strong>castra,</strong></span> <span class='ocrx_word' id='word_1_31' title='bbox 688 1010 814 1067; x_wconf 88' lang='lat' dir='ltr'><strong>Romani</strong></span> <span class='ocrx_word' id='word_1_32' title='bbox 847 1012 875 1065; x_wconf 80' lang='lat' dir='ltr'><strong>in</strong></span> <span class='ocrx_word' id='word_1_33' title='bbox 910 1007 1074 1066; x_wconf 80' lang='lat' dir='ltr'><strong>Cenchreas</strong></span> <span class='ocrx_word' id='word_1_34' title='bbox 1106 1028 1220 1066; x_wconf 86' lang='lat' dir='ltr'><strong>versam</strong></span> <span class='ocrx_word' id='word_1_35' title='bbox 1255 1021 1371 1085; x_wconf 88' lang='lat' dir='ltr'><strong>partem</strong></span> <span class='ocrx_word' id='word_1_36' title='bbox 1404 1010 1489 1077; x_wconf 88' lang='lat' dir='ltr'><strong>urbis,</strong></span> 
     </span>
     <span class='ocr_line' id='line_1_6' title="bbox 426 1114 1489 1190; baseline 0.002 -20"><span class='ocrx_word' id='word_1_37' title='bbox 426 1114 555 1183; x_wconf 87' lang='lat' dir='ltr'><strong>Attalus,</strong></span> <span class='ocrx_word' id='word_1_38' title='bbox 578 1116 711 1171; x_wconf 87' lang='lat' dir='ltr'><strong>traducto</strong></span> <span class='ocrx_word' id='word_1_39' title='bbox 741 1134 794 1190; x_wconf 92' lang='lat' dir='ltr'><strong>per</strong></span> <span class='ocrx_word' id='word_1_40' title='bbox 815 1114 956 1171; x_wconf 89' lang='lat' dir='ltr'><strong>Isthmum</strong></span> <span class='ocrx_word' id='word_1_41' title='bbox 980 1114 1106 1170; x_wconf 87' lang='lat' dir='ltr'><strong>exercitu</strong></span> <span class='ocrx_word' id='word_1_42' title='bbox 1134 1116 1171 1171; x_wconf 94' lang='lat' dir='ltr'><strong>ab</strong></span> <span class='ocrx_word' id='word_1_43' title='bbox 1201 1116 1341 1187; x_wconf 76' lang='lat' dir='ltr'><strong>Lechaeo,</strong></span> <span class='ocrx_word' id='word_1_44' title='bbox 1376 1115 1489 1180; x_wconf 81' lang='lat' dir='ltr'><strong>alterius</strong></span> 
     </span>
     <span class='ocr_line' id='line_1_7' title="bbox 427 1218 1488 1295; baseline 0.001 -20"><span class='ocrx_word' id='word_1_45' title='bbox 427 1221 515 1275; x_wconf 85' lang='lat' dir='ltr'><strong>maris</strong></span> <span class='ocrx_word' id='word_1_46' title='bbox 535 1231 630 1294; x_wconf 89' lang='lat' dir='ltr'><strong>portu,</strong></span> <span class='ocrx_word' id='word_1_47' title='bbox 654 1223 873 1295; x_wconf 82' lang='lat' dir='ltr'><strong>oppugnabant,</strong></span> <span class='ocrx_word' id='word_1_48' title='bbox 890 1218 984 1293; x_wconf 91' lang='lat' dir='ltr'><strong>primo</strong></span> <span class='ocrx_word' id='word_1_49' title='bbox 1007 1220 1133 1293; x_wconf 81' lang='lat' dir='ltr'><strong>segnius,</strong></span> <span class='ocrx_word' id='word_1_50' title='bbox 1157 1230 1309 1295; x_wconf 80' lang='lat' dir='ltr'><strong>sperantes</strong></span> <span class='ocrx_word' id='word_1_51' title='bbox 1321 1221 1488 1278; x_wconf 75' lang='lat' dir='ltr'><strong>seditionem</strong></span> 
     </span>
    </p>

    <p class='ocr_par' dir='ltr' id='par_1_4' title="bbox 396 1324 1492 1715">
     <span class='ocr_line' id='line_1_8' title="bbox 396 1324 1488 1400; baseline -0.002 -17"><span class='ocrx_word' id='word_1_52' title='bbox 396 1324 503 1386; x_wconf 73' lang='lat' dir='ltr'><strong>hintes</strong></span> <span class='ocrx_word' id='word_1_53' title='bbox 537 1324 600 1381; x_wconf 84' lang='lat' dir='ltr'><strong>fore</strong></span> <span class='ocrx_word' id='word_1_54' title='bbox 627 1326 703 1381; x_wconf 92' lang='lat' dir='ltr'><strong>inter</strong></span> <span class='ocrx_word' id='word_1_55' title='bbox 731 1325 893 1400; x_wconf 80' lang='lat' dir='ltr'><strong>oppidanos</strong></span> <span class='ocrx_word' id='word_1_56' title='bbox 924 1342 958 1380; x_wconf 87' lang='lat' dir='ltr'><strong>uc</strong></span> <span class='ocrx_word' id='word_1_57' title='bbox 986 1325 1095 1398; x_wconf 79' lang='lat' dir='ltr'><strong>regium</strong></span> <span class='ocrx_word' id='word_1_58' title='bbox 1126 1326 1307 1399; x_wconf 67' lang='lat' dir='ltr'><strong>praesidium,</strong></span> <span class='ocrx_word' id='word_1_59' title='bbox 1337 1333 1488 1400; x_wconf 88' lang='lat' dir='ltr'><strong>postquam</strong></span> 
     </span>
     <span class='ocr_line' id='line_1_9' title="bbox 427 1429 1486 1506; baseline 0.001 -20"><span class='ocrx_word' id='word_1_60' title='bbox 427 1448 484 1486; x_wconf 92' lang='lat' dir='ltr'><strong>uno</strong></span> <span class='ocrx_word' id='word_1_61' title='bbox 508 1429 605 1485; x_wconf 89' lang='lat' dir='ltr'><strong>animo</strong></span> <span class='ocrx_word' id='word_1_62' title='bbox 628 1447 728 1485; x_wconf 90' lang='lat' dir='ltr'><strong>omnes</strong></span> <span class='ocrx_word' id='word_1_63' title='bbox 750 1439 779 1485; x_wconf 88' lang='lat' dir='ltr'><strong>et</strong></span> <span class='ocrx_word' id='word_1_64' title='bbox 803 1429 980 1485; x_wconf 77' lang='lat' dir='ltr'><strong>Macedones</strong></span> <span class='ocrx_word' id='word_1_65' title='bbox 999 1437 1138 1503; x_wconf 89' lang='lat' dir='ltr'><strong>tanquam</strong></span> <span class='ocrx_word' id='word_1_66' title='bbox 1163 1449 1346 1487; x_wconf 88' lang='lat' dir='ltr'><strong>communem</strong></span> <span class='ocrx_word' id='word_1_67' title='bbox 1370 1430 1486 1506; x_wconf 86' lang='lat' dir='ltr'><strong>patriam</strong></span> 
     </span>
     <span class='ocr_line' id='line_1_10' title="bbox 427 1533 1492 1607; baseline 0.001 -18"><span class='ocrx_word' id='word_1_68' title='bbox 427 1535 582 1590; x_wconf 89' lang='lat' dir='ltr'><strong>tuebantur</strong></span> <span class='ocrx_word' id='word_1_69' title='bbox 625 1544 654 1590; x_wconf 90' lang='lat' dir='ltr'><strong>et</strong></span> <span class='ocrx_word' id='word_1_70' title='bbox 687 1533 829 1591; x_wconf 90' lang='lat' dir='ltr'><strong>Corinthii</strong></span> <span class='ocrx_word' id='word_1_71' title='bbox 858 1534 958 1589; x_wconf 87' lang='lat' dir='ltr'><strong>ducem</strong></span> <span class='ocrx_word' id='word_1_72' title='bbox 999 1534 1123 1607; x_wconf 78' lang='lat' dir='ltr'><strong>praesidii</strong></span> <span class='ocrx_word' id='word_1_73' title='bbox 1156 1535 1384 1592; x_wconf 88' lang='lat' dir='ltr'><strong>Androsthenen</strong></span> <span class='ocrx_word' id='word_1_74' title='bbox 1416 1535 1492 1592; x_wconf 84' lang='lat' dir='ltr'><strong>head</strong></span> 
     </span>
     <span class='ocr_line' id='line_1_11' title="bbox 427 1635 1489 1715; baseline 0.003 -21"><span class='ocrx_word' id='word_1_75' title='bbox 427 1656 510 1695; x_wconf 90' lang='lat' dir='ltr'><strong>secus</strong></span> <span class='ocrx_word' id='word_1_76' title='bbox 533 1656 619 1711; x_wconf 84' lang='lat' dir='ltr'><strong>qnam</strong></span> <span class='ocrx_word' id='word_1_77' title='bbox 643 1636 736 1694; x_wconf 89' lang='lat' dir='ltr'><strong>civem</strong></span> <span class='ocrx_word' id='word_1_78' title='bbox 767 1646 796 1693; x_wconf 89' lang='lat' dir='ltr'><strong>et</strong></span> <span class='ocrx_word' id='word_1_79' title='bbox 828 1635 969 1711; x_wconf 83' lang='lat' dir='ltr'><strong>suffragio</strong></span> <span class='ocrx_word' id='word_1_80' title='bbox 995 1648 1122 1697; x_wconf 89' lang='lat' dir='ltr'><strong>creatum</strong></span> <span class='ocrx_word' id='word_1_81' title='bbox 1159 1658 1212 1698; x_wconf 92' lang='lat' dir='ltr'><strong>suo</strong></span> <span class='ocrx_word' id='word_1_82' title='bbox 1245 1640 1371 1715; x_wconf 88' lang='lat' dir='ltr'><strong>imperio</strong></span> <span class='ocrx_word' id='word_1_83' title='bbox 1403 1641 1433 1697; x_wconf 91' lang='lat' dir='ltr'><strong>in</strong></span> <span class='ocrx_word' id='word_1_84' title='bbox 1460 1658 1489 1697; x_wconf 86' lang='lat' dir='ltr'><strong>se</strong></span> 
     </span>
    </p>
   </div>
   <div class='ocr_carea' id='block_1_3' title="bbox 396 1725 1528 1864">
    <p class='ocr_par' dir='ltr' id='par_1_5' title="bbox 396 1725 1528 1864">
     <span class='ocr_line' id='line_1_12' title="bbox 396 1725 1528 1864; baseline -0.002 -62"><span class='ocrx_word' id='word_1_85' title='bbox 396 1742 468 1802; x_wconf 80' lang='lat' dir='ltr'><strong>auti</strong></span> <span class='ocrx_word' id='word_1_86' title='bbox 488 1742 683 1816; x_wconf 89' lang='lat' dir='ltr'><strong>patiebantur,</strong></span> <span class='ocrx_word' id='word_1_87' title='bbox 705 1741 797 1797; x_wconf 89' lang='lat' dir='ltr'><strong>omnis</strong></span> <span class='ocrx_word' id='word_1_88' title='bbox 819 1740 886 1796; x_wconf 92' lang='lat' dir='ltr'><strong>inde</strong></span> <span class='ocrx_word' id='word_1_89' title='bbox 907 1760 974 1816; x_wconf 90' lang='lat' dir='ltr'><strong>spes</strong></span> <span class='ocrx_word' id='word_1_90' title='bbox 996 1745 1230 1818; x_wconf 82' lang='lat' dir='ltr'><strong>oppugnantibus</strong></span> <span class='ocrx_word' id='word_1_91' title='bbox 1252 1746 1283 1801; x_wconf 92' lang='lat' dir='ltr'><strong>in</strong></span> <span class='ocrx_word' id='word_1_92' title='bbox 1305 1745 1337 1802; x_wconf 85' lang='lat' dir='ltr'><strong>vi</strong></span> <span class='ocrx_word' id='word_1_93' title='bbox 1356 1754 1385 1801; x_wconf 91' lang='lat' dir='ltr'><strong>et</strong></span> <span class='ocrx_word' id='word_1_94' title='bbox 1407 1744 1490 1801; x_wconf 84' lang='lat' dir='ltr'><strong>armis</strong></span> <span class='ocrx_word' id='word_1_95' title='bbox 1525 1725 1528 1864; x_wconf 55' lang='grc' dir='ltr'>ἰ</span> 
     </span>
    </p>
   </div>
   <div class='ocr_carea' id='block_1_4' title="bbox 398 1845 1528 2030">
    <p class='ocr_par' dir='ltr' id='par_1_6' title="bbox 398 1845 1528 2030">
     <span class='ocr_line' id='line_1_13' title="bbox 428 1845 1528 1952; baseline 0.001 -49"><span class='ocrx_word' id='word_1_96' title='bbox 428 1856 456 1903; x_wconf 87' lang='lat' dir='ltr'><strong>et</strong></span> <span class='ocrx_word' id='word_1_97' title='bbox 484 1845 621 1920; x_wconf 89' lang='lat' dir='ltr'><strong>operibus</strong></span> <span class='ocrx_word' id='word_1_98' title='bbox 652 1855 726 1902; x_wconf 89' lang='lat' dir='ltr'><strong>erat.</strong></span> <span class='ocrx_word' id='word_1_99' title='bbox 785 1846 923 1944; x_wconf 82' lang='lat' dir='ltr'><strong>Undique</strong></span> <span class='ocrx_word' id='word_1_100' title='bbox 956 1866 1078 1922; x_wconf 84' lang='lat' dir='ltr'><strong>aggeres</strong></span> <span class='ocrx_word' id='word_1_101' title='bbox 1113 1850 1192 1906; x_wconf 91' lang='lat' dir='ltr'><strong>haud</strong></span> <span class='ocrx_word' id='word_1_102' title='bbox 1223 1849 1303 1907; x_wconf 87' lang='lat' dir='ltr'><strong>facili</strong></span> <span class='ocrx_word' id='word_1_103' title='bbox 1339 1849 1421 1917; x_wconf 77' lang='lat' dir='ltr'><strong>aditu</strong></span> <span class='ocrx_word' id='word_1_104' title='bbox 1455 1847 1489 1904; x_wconf 85' lang='lat' dir='ltr'><strong>ad</strong></span> <span class='ocrx_word' id='word_1_105' title='bbox 1523 1867 1528 1952; x_wconf 64' lang='lat' dir='ltr'><strong>p</strong></span> 
     </span>
     <span class='ocr_line' id='line_1_14' title="bbox 398 1943 1528 2030; baseline -0.004 -17"><span class='ocrx_word' id='word_1_106' title='bbox 398 1952 535 2013; x_wconf 79' lang='lat' dir='ltr'><strong>lmoenia</strong></span> <span class='ocrx_word' id='word_1_107' title='bbox 558 1952 797 2007; x_wconf 83' lang='lat' dir='ltr'><strong>admovebantur.</strong></span> <span class='ocrx_word' id='word_1_108' title='bbox 845 1949 933 2007; x_wconf 78' lang='lat' dir='ltr'><strong>Aries</strong></span> <span class='ocrx_word' id='word_1_109' title='bbox 955 1943 1048 2009; x_wconf 82' lang='lat' dir='ltr'><strong>exea</strong></span> <span class='ocrx_word' id='word_1_110' title='bbox 1071 1964 1162 2027; x_wconf 90' lang='lat' dir='ltr'><strong>parte,</strong></span> <span class='ocrx_word' id='word_1_111' title='bbox 1184 1974 1273 2029; x_wconf 91' lang='lat' dir='ltr'><strong>quam</strong></span> <span class='ocrx_word' id='word_1_112' title='bbox 1293 1954 1421 2012; x_wconf 87' lang='lat' dir='ltr'><strong>Romani</strong></span> <span class='ocrx_word' id='word_1_113' title='bbox 1441 1972 1489 2027; x_wconf 89' lang='lat' dir='ltr'><strong>op·</strong></span> <span class='ocrx_word' id='word_1_114' title='bbox 1521 1981 1528 2030; x_wconf 69' lang='lat' dir='ltr'>g</span> 
     </span>
    </p>
   </div>
   <div class='ocr_carea' id='block_1_5' title="bbox 377 2051 1528 4244">
    <p class='ocr_par' dir='ltr' id='par_1_7' title="bbox 377 2051 1528 4244">
     <span class='ocr_line' id='line_1_15' title="bbox 429 2051 1528 2134; baseline 0.001 -21"><span class='ocrx_word' id='word_1_115' title='bbox 429 2058 613 2133; x_wconf 80' lang='lat' dir='ltr'><strong>pugnabant,</strong></span> <span class='ocrx_word' id='word_1_116' title='bbox 642 2056 822 2129; x_wconf 89' lang='lat' dir='ltr'><strong>aliquantum</strong></span> <span class='ocrx_word' id='word_1_117' title='bbox 853 2056 928 2130; x_wconf 84' lang='lat' dir='ltr'><strong>muri</strong></span> <span class='ocrx_word' id='word_1_118' title='bbox 955 2056 1096 2126; x_wconf 72' lang='lat' dir='ltr'><strong>diruerat,</strong></span> <span class='ocrx_word' id='word_1_119' title='bbox 1126 2059 1154 2115; x_wconf 96' lang='lat' dir='ltr'><strong>in</strong></span> <span class='ocrx_word' id='word_1_120' title='bbox 1179 2078 1264 2134; x_wconf 91' lang='lat' dir='ltr'><strong>quem</strong></span> <span class='ocrx_word' id='word_1_121' title='bbox 1287 2060 1401 2128; x_wconf 89' lang='lat' dir='ltr'><strong>locum,</strong></span> <span class='ocrx_word' id='word_1_122' title='bbox 1427 2058 1489 2133; x_wconf 84' lang='lat' dir='ltr'><strong>qaia</strong></span> <span class='ocrx_word' id='word_1_123' title='bbox 1526 2051 1528 2058; x_wconf 72' lang='grc'><strong>’</strong></span> 
     </span>
     <span class='ocr_line' id='line_1_16' title="bbox 429 2162 1489 2241; baseline -0.001 -22"><span class='ocrx_word' id='word_1_124' title='bbox 429 2163 555 2219; x_wconf 84' lang='lat' dir='ltr'><strong>nudatus</strong></span> <span class='ocrx_word' id='word_1_125' title='bbox 578 2162 755 2218; x_wconf 90' lang='lat' dir='ltr'><strong>munimento</strong></span> <span class='ocrx_word' id='word_1_126' title='bbox 777 2170 849 2241; x_wconf 85' lang='lat' dir='ltr'><strong>erat,</strong></span> <span class='ocrx_word' id='word_1_127' title='bbox 871 2162 1080 2235; x_wconf 84' lang='lat' dir='ltr'><strong>protegendum</strong></span> <span class='ocrx_word' id='word_1_128' title='bbox 1103 2165 1191 2221; x_wconf 91' lang='lat' dir='ltr'><strong>armis</strong></span> <span class='ocrx_word' id='word_1_129' title='bbox 1213 2183 1302 2239; x_wconf 89' lang='lat' dir='ltr'><strong>quum</strong></span> <span class='ocrx_word' id='word_1_130' title='bbox 1318 2164 1489 2222; x_wconf 83' lang='lat' dir='ltr'><strong>Macedones</strong></span> 
     </span>
     <span class='ocr_line' id='line_1_17' title="bbox 429 2265 1488 2341; baseline 0.001 -16"><span class='ocrx_word' id='word_1_131' title='bbox 429 2277 642 2335; x_wconf 85' lang='lat' dir='ltr'><strong>concurrerent,</strong></span> <span class='ocrx_word' id='word_1_132' title='bbox 664 2275 750 2323; x_wconf 86' lang='lat' dir='ltr'><strong>atrox</strong></span> <span class='ocrx_word' id='word_1_133' title='bbox 771 2265 904 2341; x_wconf 88' lang='lat' dir='ltr'><strong>proelium</strong></span> <span class='ocrx_word' id='word_1_134' title='bbox 926 2266 1002 2322; x_wconf 84' lang='lat' dir='ltr'><strong>inter</strong></span> <span class='ocrx_word' id='word_1_135' title='bbox 1024 2286 1073 2324; x_wconf 89' lang='lat' dir='ltr'><strong>eos</strong></span> <span class='ocrx_word' id='word_1_136' title='bbox 1096 2288 1131 2325; x_wconf 90' lang='lat' dir='ltr'><strong>ac</strong></span> <span class='ocrx_word' id='word_1_137' title='bbox 1152 2272 1303 2327; x_wconf 86' lang='lat' dir='ltr'><strong>Romanos</strong></span> <span class='ocrx_word' id='word_1_138' title='bbox 1326 2280 1422 2327; x_wconf 89' lang='lat' dir='ltr'><strong>ortum</strong></span> <span class='ocrx_word' id='word_1_139' title='bbox 1442 2277 1488 2326; x_wconf 82' lang='lat' dir='ltr'><strong>est·</strong></span> 
     </span>
     <span class='ocr_line' id='line_1_18' title="bbox 398 2369 1494 2449; baseline 0 -19"><span class='ocrx_word' id='word_1_140' title='bbox 398 2376 475 2438; x_wconf 87' lang='lat' dir='ltr'><strong>8Ac</strong></span> <span class='ocrx_word' id='word_1_141' title='bbox 498 2373 593 2448; x_wconf 88' lang='lat' dir='ltr'><strong>primo</strong></span> <span class='ocrx_word' id='word_1_142' title='bbox 614 2370 796 2428; x_wconf 89' lang='lat' dir='ltr'><strong>multitudine</strong></span> <span class='ocrx_word' id='word_1_143' title='bbox 817 2369 903 2427; x_wconf 86' lang='lat' dir='ltr'><strong>facile</strong></span> <span class='ocrx_word' id='word_1_144' title='bbox 925 2372 1144 2446; x_wconf 83' lang='lat' dir='ltr'><strong>expellebantur</strong></span> <span class='ocrx_word' id='word_1_145' title='bbox 1164 2375 1307 2444; x_wconf 82' lang='lat' dir='ltr'><strong>Romani3</strong></span> <span class='ocrx_word' id='word_1_146' title='bbox 1340 2372 1494 2449; x_wconf 76' lang='lat' dir='ltr'><strong>assumptis·</strong></span> 
     </span>
     <span class='ocr_line' id='line_1_19' title="bbox 428 2476 1485 2554; baseline 0 -17"><span class='ocrx_word' id='word_1_147' title='bbox 428 2480 532 2537; x_wconf 87' lang='lat' dir='ltr'><strong>deinde</strong></span> <span class='ocrx_word' id='word_1_148' title='bbox 553 2479 729 2535; x_wconf 75' lang='lat' dir='ltr'><strong>Achaeorum</strong></span> <span class='ocrx_word' id='word_1_149' title='bbox 751 2476 905 2549; x_wconf 84' lang='lat' dir='ltr'><strong>Attalique</strong></span> <span class='ocrx_word' id='word_1_150' title='bbox 927 2478 1043 2536; x_wconf 84' lang='lat' dir='ltr'><strong>auxiliis</strong></span> <span class='ocrx_word' id='word_1_151' title='bbox 1065 2482 1221 2554; x_wconf 78' lang='lat' dir='ltr'><strong>aequabant</strong></span> <span class='ocrx_word' id='word_1_152' title='bbox 1249 2489 1412 2549; x_wconf 87' lang='lat' dir='ltr'><strong>certamen,</strong></span> <span class='ocrx_word' id='word_1_153' title='bbox 1439 2496 1485 2537; x_wconf 85' lang='lat' dir='ltr'><strong>nec</strong></span> 
     </span>
     <span class='ocr_line' id='line_1_20' title="bbox 415 2562 1484 2661; baseline 0.002 -22"><span class='ocrx_word' id='word_1_154' title='bbox 415 2562 547 2639; x_wconf 74' lang='lat' dir='ltr'><strong>vdubium</strong></span> <span class='ocrx_word' id='word_1_155' title='bbox 570 2590 647 2653; x_wconf 86' lang='lat' dir='ltr'><strong>erat,</strong></span> <span class='ocrx_word' id='word_1_156' title='bbox 671 2582 739 2655; x_wconf 91' lang='lat' dir='ltr'><strong>quin</strong></span> <span class='ocrx_word' id='word_1_157' title='bbox 765 2582 944 2638; x_wconf 87' lang='lat' dir='ltr'><strong>Macedonas</strong></span> <span class='ocrx_word' id='word_1_158' title='bbox 967 2583 1147 2660; x_wconf 73' lang='lat' dir='ltr'><strong>Graecosque</strong></span> <span class='ocrx_word' id='word_1_159' title='bbox 1173 2585 1259 2643; x_wconf 85' lang='lat' dir='ltr'><strong>facile</strong></span> <span class='ocrx_word' id='word_1_160' title='bbox 1287 2586 1354 2643; x_wconf 92' lang='lat' dir='ltr'><strong>loco</strong></span> <span class='ocrx_word' id='word_1_161' title='bbox 1383 2585 1484 2661; x_wconf 85' lang='lat' dir='ltr'><strong>pulsuri</strong></span> 
     </span>
     <span class='ocr_line' id='line_1_21' title="bbox 397 2686 1483 2766; baseline 0.003 -22"><span class='ocrx_word' id='word_1_162' title='bbox 397 2687 543 2755; x_wconf 87' lang='lat' dir='ltr'><strong>9fuerint.</strong></span> <span class='ocrx_word' id='word_1_163' title='bbox 582 2687 814 2761; x_wconf 82' lang='lat' dir='ltr'><strong>Transfugarum</strong></span> <span class='ocrx_word' id='word_1_164' title='bbox 831 2686 1001 2744; x_wconf 87' lang='lat' dir='ltr'><strong>Italicorum</strong></span> <span class='ocrx_word' id='word_1_165' title='bbox 1024 2708 1132 2764; x_wconf 82' lang='lat' dir='ltr'><strong>magna</strong></span> <span class='ocrx_word' id='word_1_166' title='bbox 1153 2691 1307 2748; x_wconf 90' lang='lat' dir='ltr'><strong>multitudo</strong></span> <span class='ocrx_word' id='word_1_167' title='bbox 1330 2701 1403 2761; x_wconf 83' lang='lat' dir='ltr'><strong>erat,</strong></span> <span class='ocrx_word' id='word_1_168' title='bbox 1423 2706 1483 2766; x_wconf 82' lang='lat' dir='ltr'><strong>pars</strong></span> 
     </span>
     <span class='ocr_line' id='line_1_22' title="bbox 429 2792 1484 2872; baseline 0.003 -23"><span class='ocrx_word' id='word_1_169' title='bbox 429 2812 465 2850; x_wconf 87' lang='lat' dir='ltr'><strong>ex</strong></span> <span class='ocrx_word' id='word_1_170' title='bbox 488 2792 663 2849; x_wconf 86' lang='lat' dir='ltr'><strong>Hannibalis</strong></span> <span class='ocrx_word' id='word_1_171' title='bbox 686 2793 813 2849; x_wconf 86' lang='lat' dir='ltr'><strong>exercitu</strong></span> <span class='ocrx_word' id='word_1_172' title='bbox 835 2803 913 2849; x_wconf 89' lang='lat' dir='ltr'><strong>metu</strong></span> <span class='ocrx_word' id='word_1_173' title='bbox 940 2811 1032 2867; x_wconf 76' lang='lat' dir='ltr'><strong>poenae</strong></span> <span class='ocrx_word' id='word_1_174' title='bbox 1059 2814 1077 2850; x_wconf 88' lang='lat' dir='ltr'><strong>a</strong></span> <span class='ocrx_word' id='word_1_175' title='bbox 1098 2796 1238 2853; x_wconf 86' lang='lat' dir='ltr'><strong>Romanis</strong></span> <span class='ocrx_word' id='word_1_176' title='bbox 1256 2795 1424 2872; x_wconf 88' lang='lat' dir='ltr'><strong>Philippum</strong></span> <span class='ocrx_word' id='word_1_177' title='bbox 1444 2813 1484 2852; x_wconf 86' lang='lat' dir='ltr'><strong>ss·</strong></span> 
     </span>
     <span class='ocr_line' id='line_1_23' title="bbox 428 2886 1481 2976; baseline 0.004 -24"><span class='ocrx_word' id='word_1_178' title='bbox 428 2905 505 2967; x_wconf 86' lang='lat' dir='ltr'><strong>cula,</strong></span> <span class='ocrx_word' id='word_1_179' title='bbox 528 2916 596 2972; x_wconf 86' lang='lat' dir='ltr'><strong>pars</strong></span> <span class='ocrx_word' id='word_1_180' title='bbox 618 2898 737 2954; x_wconf 87' lang='lat' dir='ltr'><strong>navales</strong></span> <span class='ocrx_word' id='word_1_181' title='bbox 759 2897 831 2954; x_wconf 87' lang='lat' dir='ltr'><strong>socii</strong></span> <span class='ocrx_word' id='word_1_182' title='bbox 851 2897 958 2954; x_wconf 90' lang='lat' dir='ltr'><strong>relictis</strong></span> <span class='ocrx_word' id='word_1_183' title='bbox 980 2886 1072 2972; x_wconf 87' lang='lat' dir='ltr'><strong>nuper</strong></span> <span class='ocrx_word' id='word_1_184' title='bbox 1093 2900 1234 2958; x_wconf 89' lang='lat' dir='ltr'><strong>classibus</strong></span> <span class='ocrx_word' id='word_1_185' title='bbox 1249 2901 1287 2957; x_wconf 89' lang='lat' dir='ltr'><strong>ad</strong></span> <span class='ocrx_word' id='word_1_186' title='bbox 1302 2920 1386 2976; x_wconf 89' lang='lat' dir='ltr'><strong>spem</strong></span> <span class='ocrx_word' id='word_1_187' title='bbox 1400 2903 1481 2958; x_wconf 88' lang='lat' dir='ltr'><strong>bono·</strong></span> 
     </span>
     <span class='ocr_line' id='line_1_24' title="bbox 428 3002 1481 3079; baseline 0.005 -22"><span class='ocrx_word' id='word_1_188' title='bbox 428 3002 544 3058; x_wconf 86' lang='lat' dir='ltr'><strong>ratioris</strong></span> <span class='ocrx_word' id='word_1_189' title='bbox 566 3003 674 3059; x_wconf 86' lang='lat' dir='ltr'><strong>militiae</strong></span> <span class='ocrx_word' id='word_1_190' title='bbox 704 3003 891 3077; x_wconf 80' lang='lat' dir='ltr'><strong>transgressi3</strong></span> <span class='ocrx_word' id='word_1_191' title='bbox 919 3005 973 3061; x_wconf 89' lang='lat' dir='ltr'><strong>hos</strong></span> <span class='ocrx_word' id='word_1_192' title='bbox 1005 3006 1159 3079; x_wconf 90' lang='lat' dir='ltr'><strong>desperata</strong></span> <span class='ocrx_word' id='word_1_193' title='bbox 1186 3005 1281 3076; x_wconf 88' lang='lat' dir='ltr'><strong>selus,</strong></span> <span class='ocrx_word' id='word_1_194' title='bbox 1312 3007 1338 3063; x_wconf 92' lang='lat' dir='ltr'><strong>si</strong></span> <span class='ocrx_word' id='word_1_195' title='bbox 1368 3003 1481 3064; x_wconf 87' lang='lat' dir='ltr'><strong>Romani</strong></span> 
     </span>
     <span class='ocr_line' id='line_1_25' title="bbox 379 3106 1482 3182; baseline 0.008 -21"><span class='ocrx_word' id='word_1_196' title='bbox 379 3106 572 3178; x_wconf 70' lang='lat' dir='ltr'><strong>tomuissent,</strong></span> <span class='ocrx_word' id='word_1_197' title='bbox 595 3109 632 3165; x_wconf 90' lang='lat' dir='ltr'><strong>ad</strong></span> <span class='ocrx_word' id='word_1_198' title='bbox 657 3110 767 3165; x_wconf 87' lang='lat' dir='ltr'><strong>rabiem</strong></span> <span class='ocrx_word' id='word_1_199' title='bbox 790 3108 884 3182; x_wconf 85' lang='lat' dir='ltr'><strong>magis</strong></span> <span class='ocrx_word' id='word_1_200' title='bbox 906 3127 993 3182; x_wconf 90' lang='lat' dir='ltr'><strong>quam</strong></span> <span class='ocrx_word' id='word_1_201' title='bbox 1016 3110 1168 3167; x_wconf 89' lang='lat' dir='ltr'><strong>audaciam</strong></span> <span class='ocrx_word' id='word_1_202' title='bbox 1184 3113 1371 3172; x_wconf 86' lang='lat' dir='ltr'><strong>accendebat.</strong></span> <span class='ocrx_word' id='word_1_203' title='bbox 1415 3115 1482 3170; x_wconf 85' lang='lat' dir='ltr'><strong>Pro·</strong></span> 
     </span>
     <span class='ocr_line' id='line_1_26' title="bbox 427 3214 1483 3290; baseline 0.003 -22"><span class='ocrx_word' id='word_1_204' title='bbox 427 3215 601 3270; x_wconf 70' lang='lat' dir='ltr'><strong>mensorium</strong></span> <span class='ocrx_word' id='word_1_205' title='bbox 639 3224 683 3271; x_wconf 89' lang='lat' dir='ltr'><strong>est</strong></span> <span class='ocrx_word' id='word_1_206' title='bbox 721 3215 861 3270; x_wconf 87' lang='lat' dir='ltr'><strong>adversus</strong></span> <span class='ocrx_word' id='word_1_207' title='bbox 900 3214 1054 3290; x_wconf 83' lang='lat' dir='ltr'><strong>Sicyonem</strong></span> <span class='ocrx_word' id='word_1_208' title='bbox 1090 3214 1226 3282; x_wconf 89' lang='lat' dir='ltr'><strong>Iunonis,</strong></span> <span class='ocrx_word' id='word_1_209' title='bbox 1264 3234 1352 3290; x_wconf 89' lang='lat' dir='ltr'><strong>qnam</strong></span> <span class='ocrx_word' id='word_1_210' title='bbox 1386 3223 1483 3274; x_wconf 85' lang='lat' dir='ltr'><strong>vocant</strong></span> 
     </span>
     <span class='ocr_line' id='line_1_27' title="bbox 428 3318 1481 3395; baseline 0.005 -21"><span class='ocrx_word' id='word_1_211' title='bbox 428 3320 581 3389; x_wconf 77' lang='lat' dir='ltr'><strong>Acraeam,</strong></span> <span class='ocrx_word' id='word_1_212' title='bbox 611 3321 640 3377; x_wconf 95' lang='lat' dir='ltr'><strong>in</strong></span> <span class='ocrx_word' id='word_1_213' title='bbox 671 3319 761 3375; x_wconf 87' lang='lat' dir='ltr'><strong>altum</strong></span> <span class='ocrx_word' id='word_1_214' title='bbox 783 3337 955 3390; x_wconf 90' lang='lat' dir='ltr'><strong>excur1·ens;</strong></span> <span class='ocrx_word' id='word_1_215' title='bbox 984 3320 1120 3376; x_wconf 88' lang='lat' dir='ltr'><strong>traiectus</strong></span> <span class='ocrx_word' id='word_1_216' title='bbox 1143 3319 1210 3376; x_wconf 90' lang='lat' dir='ltr'><strong>inde</strong></span> <span class='ocrx_word' id='word_1_217' title='bbox 1232 3318 1405 3379; x_wconf 86' lang='lat' dir='ltr'><strong>Corinthum</strong></span> <span class='ocrx_word' id='word_1_218' title='bbox 1425 3339 1481 3395; x_wconf 83' lang='lat' dir='ltr'><strong>sop-</strong></span> 
     </span>
     <span class='ocr_line' id='line_1_28' title="bbox 379 3423 1482 3502; baseline 0.005 -24"><span class='ocrx_word' id='word_1_219' title='bbox 379 3438 408 3490; x_wconf 73' lang='grc' dir='ltr'><strong>ιι</strong></span> <span class='ocrx_word' id='word_1_220' title='bbox 427 3433 484 3480; x_wconf 89' lang='lat' dir='ltr'><strong>tem</strong></span> <span class='ocrx_word' id='word_1_221' title='bbox 507 3423 568 3480; x_wconf 86' lang='lat' dir='ltr'><strong>fere</strong></span> <span class='ocrx_word' id='word_1_222' title='bbox 590 3425 709 3482; x_wconf 90' lang='lat' dir='ltr'><strong>millium</strong></span> <span class='ocrx_word' id='word_1_223' title='bbox 732 3443 879 3499; x_wconf 90' lang='lat' dir='ltr'><strong>passuum.</strong></span> <span class='ocrx_word' id='word_1_224' title='bbox 925 3427 970 3482; x_wconf 86' lang='lat' dir='ltr'><strong>Eo</strong></span> <span class='ocrx_word' id='word_1_225' title='bbox 987 3425 1141 3494; x_wconf 91' lang='lat' dir='ltr'><strong>Philocles,</strong></span> <span class='ocrx_word' id='word_1_226' title='bbox 1163 3424 1259 3499; x_wconf 84' lang='lat' dir='ltr'><strong>regius</strong></span> <span class='ocrx_word' id='word_1_227' title='bbox 1282 3435 1311 3482; x_wconf 91' lang='lat' dir='ltr'><strong>et</strong></span> <span class='ocrx_word' id='word_1_228' title='bbox 1333 3427 1398 3502; x_wconf 89' lang='lat' dir='ltr'><strong>ipse</strong></span> <span class='ocrx_word' id='word_1_229' title='bbox 1417 3443 1482 3502; x_wconf 81' lang='lat' dir='ltr'><strong>pra·</strong></span> 
     </span>
     <span class='ocr_line' id='line_1_29' title="bbox 427 3529 1483 3608; baseline 0.003 -21"><span class='ocrx_word' id='word_1_230' title='bbox 427 3529 530 3601; x_wconf 82' lang='lat' dir='ltr'><strong>fectus,</strong></span> <span class='ocrx_word' id='word_1_231' title='bbox 552 3530 629 3587; x_wconf 92' lang='lat' dir='ltr'><strong>mille</strong></span> <span class='ocrx_word' id='word_1_232' title='bbox 651 3540 680 3587; x_wconf 88' lang='lat' dir='ltr'><strong>et</strong></span> <span class='ocrx_word' id='word_1_233' title='bbox 702 3530 874 3605; x_wconf 87' lang='lat' dir='ltr'><strong>quingentos</strong></span> <span class='ocrx_word' id='word_1_234' title='bbox 897 3529 1000 3586; x_wconf 89' lang='lat' dir='ltr'><strong>milites</strong></span> <span class='ocrx_word' id='word_1_235' title='bbox 1024 3548 1076 3603; x_wconf 91' lang='lat' dir='ltr'><strong>per</strong></span> <span class='ocrx_word' id='word_1_236' title='bbox 1099 3530 1243 3586; x_wconf 85' lang='lat' dir='ltr'><strong>Boeotiam</strong></span> <span class='ocrx_word' id='word_1_237' title='bbox 1266 3530 1364 3602; x_wconf 79' lang='lat' dir='ltr'><strong>duxit3</strong></span> <span class='ocrx_word' id='word_1_238' title='bbox 1387 3542 1483 3608; x_wconf 82' lang='lat' dir='ltr'><strong>preste</strong></span> 
     </span>
     <span class='ocr_line' id='line_1_30' title="bbox 427 3633 1483 3712; baseline 0.005 -22"><span class='ocrx_word' id='word_1_239' title='bbox 427 3634 508 3690; x_wconf 81' lang='lat' dir='ltr'><strong>fuere</strong></span> <span class='ocrx_word' id='word_1_240' title='bbox 541 3638 578 3692; x_wconf 89' lang='lat' dir='ltr'><strong>ub</strong></span> <span class='ocrx_word' id='word_1_241' title='bbox 609 3634 749 3694; x_wconf 89' lang='lat' dir='ltr'><strong>Corintho</strong></span> <span class='ocrx_word' id='word_1_242' title='bbox 776 3635 879 3703; x_wconf 91' lang='lat' dir='ltr'><strong>lembi,</strong></span> <span class='ocrx_word' id='word_1_243' title='bbox 911 3635 961 3707; x_wconf 90' lang='lat' dir='ltr'><strong>qui</strong></span> <span class='ocrx_word' id='word_1_244' title='bbox 993 3633 1156 3709; x_wconf 77' lang='lat' dir='ltr'><strong>praesidium</strong></span> <span class='ocrx_word' id='word_1_245' title='bbox 1189 3634 1218 3690; x_wconf 93' lang='lat' dir='ltr'><strong>id</strong></span> <span class='ocrx_word' id='word_1_246' title='bbox 1252 3647 1403 3712; x_wconf 88' lang='lat' dir='ltr'><strong>acceptum</strong></span> <span class='ocrx_word' id='word_1_247' title='bbox 1433 3638 1483 3694; x_wconf 72' lang='lat' dir='ltr'><strong>la·</strong></span> 
     </span>
     <span class='ocr_line' id='line_1_31' title="bbox 378 3736 1485 3818; baseline -0.001 -21"><span class='ocrx_word' id='word_1_248' title='bbox 378 3751 413 3805; x_wconf 82' lang='lat'><strong>12</strong></span> <span class='ocrx_word' id='word_1_249' title='bbox 428 3743 537 3798; x_wconf 86' lang='lat' dir='ltr'><strong>choeum</strong></span> <span class='ocrx_word' id='word_1_250' title='bbox 574 3743 747 3800; x_wconf 85' lang='lat' dir='ltr'><strong>traiicerent.</strong></span> <span class='ocrx_word' id='word_1_251' title='bbox 805 3743 920 3798; x_wconf 84' lang='lat' dir='ltr'><strong>Auctor</strong></span> <span class='ocrx_word' id='word_1_252' title='bbox 950 3749 1012 3795; x_wconf 84' lang='lat' dir='ltr'><strong>erat</strong></span> <span class='ocrx_word' id='word_1_253' title='bbox 1047 3736 1165 3794; x_wconf 87' lang='lat' dir='ltr'><strong>Attalus</strong></span> <span class='ocrx_word' id='word_1_254' title='bbox 1198 3738 1323 3797; x_wconf 92' lang='lat' dir='ltr'><strong>incensis</strong></span> <span class='ocrx_word' id='word_1_255' title='bbox 1355 3742 1485 3818; x_wconf 85' lang='lat' dir='ltr'><strong>operibns</strong></span> 
     </span>
     <span class='ocr_line' id='line_1_32' title="bbox 428 3844 1483 3922; baseline -0.002 -19"><span class='ocrx_word' id='word_1_256' title='bbox 428 3848 592 3904; x_wconf 76' lang='lat' dir='ltr'><strong>omittendae</strong></span> <span class='ocrx_word' id='word_1_257' title='bbox 623 3847 769 3922; x_wconf 86' lang='lat' dir='ltr'><strong>extemplo</strong></span> <span class='ocrx_word' id='word_1_258' title='bbox 800 3844 1038 3920; x_wconf 82' lang='lat' dir='ltr'><strong>oppugnationis3</strong></span> <span class='ocrx_word' id='word_1_259' title='bbox 1076 3844 1251 3917; x_wconf 86' lang='lat' dir='ltr'><strong>pertinacius</strong></span> <span class='ocrx_word' id='word_1_260' title='bbox 1282 3847 1432 3904; x_wconf 87' lang='lat' dir='ltr'><strong>Romanus</strong></span> <span class='ocrx_word' id='word_1_261' title='bbox 1455 3845 1483 3901; x_wconf 84' lang='lat' dir='ltr'><strong>in</strong></span> 
     </span>
     <span class='ocr_line' id='line_1_33' title="bbox 427 3949 1488 4030; baseline -0.005 -19"><span class='ocrx_word' id='word_1_262' title='bbox 427 3955 542 4030; x_wconf 90' lang='lat' dir='ltr'><strong>incepto</strong></span> <span class='ocrx_word' id='word_1_263' title='bbox 564 3956 722 4030; x_wconf 86' lang='lat' dir='ltr'><strong>perstabat.</strong></span> <span class='ocrx_word' id='word_1_264' title='bbox 759 3953 790 4009; x_wconf 89' lang='lat' dir='ltr'><strong>Is</strong></span> <span class='ocrx_word' id='word_1_265' title='bbox 811 3968 938 4024; x_wconf 89' lang='lat' dir='ltr'><strong>quoque,</strong></span> <span class='ocrx_word' id='word_1_266' title='bbox 960 3959 990 4005; x_wconf 93' lang='lat' dir='ltr'><strong>ut</strong></span> <span class='ocrx_word' id='word_1_267' title='bbox 1012 3968 1066 4024; x_wconf 90' lang='lat' dir='ltr'><strong>pro</strong></span> <span class='ocrx_word' id='word_1_268' title='bbox 1084 3949 1218 4006; x_wconf 90' lang='lat' dir='ltr'><strong>omnibus</strong></span> <span class='ocrx_word' id='word_1_269' title='bbox 1234 3951 1327 4024; x_wconf 88' lang='lat' dir='ltr'><strong>portis</strong></span> <span class='ocrx_word' id='word_1_270' title='bbox 1349 3952 1488 4028; x_wconf 80' lang='lat' dir='ltr'><strong>disposita</strong></span> 
     </span>
     <span class='ocr_line' id='line_1_34' title="bbox 427 4053 1485 4135; baseline -0.006 -17"><span class='ocrx_word' id='word_1_271' title='bbox 427 4061 507 4118; x_wconf 85' lang='lat' dir='ltr'><strong>videt</strong></span> <span class='ocrx_word' id='word_1_272' title='bbox 527 4060 663 4135; x_wconf 85' lang='lat' dir='ltr'><strong>praesidia</strong></span> <span class='ocrx_word' id='word_1_273' title='bbox 683 4059 774 4133; x_wconf 81' lang='lat' dir='ltr'><strong>regia,</strong></span> <span class='ocrx_word' id='word_1_274' title='bbox 796 4075 849 4113; x_wconf 93' lang='lat' dir='ltr'><strong>nec</strong></span> <span class='ocrx_word' id='word_1_275' title='bbox 870 4053 956 4111; x_wconf 79' lang='lat' dir='ltr'><strong>facile</strong></span> <span class='ocrx_word' id='word_1_276' title='bbox 978 4055 1186 4128; x_wconf 88' lang='lat' dir='ltr'><strong>erumpentium</strong></span> <span class='ocrx_word' id='word_1_277' title='bbox 1209 4055 1334 4130; x_wconf 90' lang='lat' dir='ltr'><strong>impetus</strong></span> <span class='ocrx_word' id='word_1_278' title='bbox 1356 4053 1485 4115; x_wconf 80' lang='lat' dir='ltr'><strong>sustineri</strong></span> 
     </span>
     <span class='ocr_line' id='line_1_35' title="bbox 377 4159 1487 4244; baseline -0.005 -21"><span class='ocrx_word' id='word_1_279' title='bbox 377 4178 412 4232; x_wconf 82' lang='lat'><strong>13</strong></span> <span class='ocrx_word' id='word_1_280' title='bbox 426 4186 521 4244; x_wconf 86' lang='lat' dir='ltr'><strong>posse,</strong></span> <span class='ocrx_word' id='word_1_281' title='bbox 544 4167 573 4222; x_wconf 94' lang='lat' dir='ltr'><strong>in</strong></span> <span class='ocrx_word' id='word_1_282' title='bbox 599 4165 694 4223; x_wconf 89' lang='lat' dir='ltr'><strong>Attali</strong></span> <span class='ocrx_word' id='word_1_283' title='bbox 716 4162 887 4220; x_wconf 86' lang='lat' dir='ltr'><strong>sententiam</strong></span> <span class='ocrx_word' id='word_1_284' title='bbox 909 4159 1060 4216; x_wconf 87' lang='lat' dir='ltr'><strong>concessit.</strong></span> <span class='ocrx_word' id='word_1_285' title='bbox 1111 4161 1159 4216; x_wconf 90' lang='lat' dir='ltr'><strong>lta</strong></span> <span class='ocrx_word' id='word_1_286' title='bbox 1187 4161 1267 4217; x_wconf 80' lang='lat' dir='ltr'><strong>irrito</strong></span> <span class='ocrx_word' id='word_1_287' title='bbox 1290 4162 1421 4238; x_wconf 88' lang='lat' dir='ltr'><strong>incepto,</strong></span> <span class='ocrx_word' id='word_1_288' title='bbox 1440 4160 1487 4217; x_wconf 78' lang='lat' dir='ltr'><strong>‹ti-</strong></span> 
     </span>
    </p>
   </div>
   <div class='ocr_carea' id='block_1_6' title="bbox 0 0 1751 5025">
    <p class='ocr_par' dir='ltr' id='par_1_8' title="bbox 0 0 1751 5025">
     <span class='ocr_line' id='line_1_36' title="bbox 0 0 1751 5025; baseline 0 0"><span class='ocrx_word' id='word_1_289' title='bbox 0 0 1751 5025; x_wconf 95' lang='lat' dir='ltr'><strong> </strong></span> 
     </span>
    </p>
   </div>
  </div>
 </body>
</html>
