3484 5025
484 520 538 577 160
720 514 800 564 Liber
818 513 946 563 XXXIV.
983 513 1029 576 (Δ.
1043 528 1068 563 u.
1083 529 1105 563 o.
1120 513 1194 576 ott.)

436 700 501 775 ipso
529 699 707 755 Nemeorum
741 696 789 753 die
824 714 896 753 voce
928 696 1069 770 praeconis
1096 695 1216 753 libertas
1244 703 1291 752 est
1317 693 1485 770 Argivorum

406 801 554 862 tdchoeis
576 809 715 876 quantum
737 800 862 857 restituti
886 800 962 875 Argi
983 801 1013 856 in
1035 818 1188 857 commune
1206 799 1334 858 Achaiae
1356 799 1486 858 confilium

436 908 541 965 lutitiae
563 904 738 974 afferebant.
768 911 881 960 tantum
910 921 997 960 serva
1019 904 1213 962 Lacedaemon
1241 904 1348 963 relicta
1374 913 1404 962 et
1422 899 1488 962 latai

408 1010 587 1071 5sdhaerena
608 1019 748 1085 tyrannus
769 1027 829 1064 non
849 1008 993 1066 sincerum
1015 1008 1153 1083 gaudium
1176 1009 1360 1083 praebebant.
1414 1005 1488 1069 Alite!

438 1131 507 1171 vero
530 1134 593 1172 earn
616 1133 677 1171 rem
700 1114 833 1170 omnibus
862 1111 991 1170 conciliis
1012 1112 1155 1170 lacerare:
1185 1130 1260 1170 com,
1280 1114 1421 1192 Philippo
1444 1131 1488 1172 an

438 1228 505 1277 aute
527 1219 650 1276 desitum
671 1218 783 1287 bellari,
805 1235 892 1290 quam
911 1216 1046 1273 omnibus
1066 1217 1219 1273 excederet
1233 1217 1361 1276 Graeciae
1377 1219 1489 1288 mbibutt

407 1329 560 1398 etyranno
581 1323 711 1380 relictam
734 1321 991 1390 Lacedaemonem
1018 1339 1118 1396 regem
1140 1329 1237 1378 autem
1259 1321 1434 1397 legitimum,
1451 1321 1488 1398 qsi

437 1427 467 1484 in
498 1427 639 1485 Romanis
671 1426 758 1484 fuerit
790 1425 909 1494 castris,
941 1433 1111 1498 ceterosque
1141 1425 1340 1484 nobilissimos
1372 1425 1487 1486 evan

439 1533 540 1589 exsilio
562 1534 704 1601 victur0s3
730 1531 857 1589 Nabidis
880 1529 1087 1586 dominationis
1107 1529 1260 1587 satellitem
1283 1529 1395 1589 lactum
1414 1531 1486 1606 post

409 1637 498 1696 llum
520 1639 693 1695 Romanum.
731 1635 882 1709 Quinctius
904 1634 942 1691 ab
964 1633 1055 1709 Argis
1076 1634 1221 1705 maroam,
1241 1635 1321 1693 nude
1343 1634 1384 1693 ed
1402 1633 1484 1693 bellu

439 1742 615 1818 Spartanum
638 1740 786 1816 profectus
808 1747 880 1809 erat,
904 1739 1005 1813 copias
1025 1738 1149 1797 reduxit.

409 1849 426 1905 8
522 1844 612 1915 Sunt,
642 1845 692 1918 qui
719 1862 778 1900 non
808 1860 845 1899 ex
867 1842 976 1918 oppido
997 1842 1228 1918 proficiscentem
1250 1844 1362 1902 bellum
1384 1843 1484 1920 gessi!

438 1956 592 2025 tyramum
614 1948 740 2016 tradant,
761 1946 811 2002 sed
835 1947 939 2004 castris
960 1948 1099 2004 adversus
1115 1948 1251 2005 Romana
1272 1949 1378 2023 positis
1397 1957 1481 2018 cem

408 2057 426 2113 9
439 2054 545 2127 diuque
561 2060 736 2121 cunctatum,
756 2050 825 2125 quie
836 2052 1006 2109 AEtolorum
1021 2052 1131 2109 auxilia
1142 2061 1353 2128 exspectasset,
1375 2060 1481 2112 eonem

440 2155 478 2214 ad
507 2167 667 2215 extremum
694 2156 756 2212 acie
780 2156 949 2231 confligere,
979 2157 1089 2231 impetu
1118 2157 1147 2213 in
1176 2158 1367 2232 pabulatores
1392 2169 1481 2216 sucat

392 2268 426 2323 10
439 2262 579 2319 Romanis
608 2261 703 2330 fact03
735 2279 770 2316 eo
798 2260 901 2335 proelio
930 2261 1038 2318 victum
1068 2262 1229 2337 castrisque
1257 2241 1377 2320 exutum
1402 2275 1483 2338 pst!

439 2365 560 2441 petisse,
584 2384 673 2438 quum
696 2364 866 2421 cecidissent
888 2366 1118 2440 quattuordecim
1141 2366 1232 2423 millia
1253 2366 1394 2438 militum,
1424 2392 1468 2414 w

442 2469 506 2544 plue
530 2477 668 2543 quattuor
691 2470 782 2527 millia
804 2478 909 2527 essent.

348 2574 391 2642 42
526 2576 639 2633 Eodem
670 2574 732 2632 fere
764 2583 896 2651 tempore
928 2582 957 2631 et
989 2594 1008 2631 a
1040 2576 1077 2633 T.
1109 2576 1243 2650 Quinctio
1281 2577 1319 2634 de
1355 2578 1436 2635 rebus
1480 2579 1483 2618 ι

441 2680 679 2737 Lacedaemonem
708 2679 797 2754 gestis
830 2688 859 2736 et
890 2698 908 2735 a
933 2680 976 2738 M.
1008 2679 1116 2736 Porcio
1144 2679 1263 2737 consule
1298 2699 1338 2738 ex
1376 2706 1438 2733 ιει

441 2785 543 2842 litterae
572 2784 676 2845 allatae.
732 2784 893 2858 Utriusque
918 2784 1035 2840 nomine
1064 2784 1094 2840 in
1122 2783 1183 2840 dies
1210 2793 1309 2842 ternos
1337 2784 1464 2860 supp'w'

411 2890 480 2948 2ab
502 2897 603 2945 senatu
625 2889 741 2945 decreta
762 2899 814 2945 est.
861 2889 897 2947 L.
920 2887 1058 2946 Valerius
1080 2888 1194 2958 consul,
1223 2907 1312 2962 quum
1342 2896 1409 2964 post
1433 2915 1450 2937 ι

442 2992 519 3050 circa
545 2993 680 3049 Litanam
713 2993 816 3049 silvam
850 2992 941 3048 Boios
976 2993 1104 3066 quietam
1139 2993 1319 3068 provinciam
1352 2994 1429 3050 haba
1463 3000 1482 3032 >³

412 3102 429 3157 3
443 3096 622 3153 comitiorum
635 3115 725 3154 causa
734 3099 859 3155 Romam
873 3096 967 3167 rediit,
985 3106 1014 3153 et
1028 3098 1138 3154 creavit
1149 3098 1282 3155 consules
1293 3099 1331 3158 P.
1342 3096 1387 3156 Co
1410 3127 1413 3148 ι
1427 3120 1444 3145 ι
1462 3123 1463 3141 ι
1481 3129 1483 3140 ι

443 3200 605 3275 Scipionem
618 3201 790 3260 Africanum
802 3200 905 3257 iterum
919 3208 947 3256 et
958 3201 1005 3258 Ti.
1015 3200 1217 3277 Sempronium
1227 3203 1374 3277 Longum.
1395 3202 1433 3260 fl·
1456 3228 1463 3240 ι

412 3313 430 3366 4
441 3315 539 3382 patres
548 3307 643 3380 primo
654 3325 730 3362 anno
742 3304 861 3362 secundi
871 3305 976 3362 Punici
989 3305 1056 3362 belli
1067 3305 1199 3362 consules
1209 3305 1335 3363 fucrant.
1367 3307 1395 3364 P

441 3411 508 3466 inde
537 3409 655 3467 comitia
683 3410 797 3478 habita3
834 3409 924 3465 creati
953 3411 988 3467 Ρ.
1012 3408 1163 3467 Cornelius
1187 3409 1286 3484 Scipio
1315 3421 1345 3468 et
1372 3411 1426 3469 duc

441 3509 582 3582 Comeli,
612 3515 753 3571 Merenda
780 3521 809 3570 et
829 3513 949 3583 Blasio,
979 3521 1008 3570 et
1036 3513 1089 3571 Cn.
1115 3514 1262 3572 Domitius
1292 3516 1412 3574 Aheno·
1433 3540 1454 3557 ·ι

412 3624 470 3678 tet
497 3618 565 3677 Sex.
587 3620 715 3694 Digitius
740 3627 769 3675 et
798 3620 835 3675 T.
857 3619 1007 3675 Iuventius
1029 3618 1155 3676 Thalna.
1210 3618 1344 3678 Comitiis
1374 3648 1405 3671 ιιι

441 3724 542 3780 consul
561 3723 591 3779 in
613 3724 791 3799 provinciam
814 3721 909 3781 rediit.

524 3829 642 3885 Novum
664 3829 708 3884 ius
731 3847 766 3884 co
788 3845 864 3883 unno
882 3845 906 3882 a
925 3827 1159 3884 Ferentinatibus
1180 3837 1332 3900 tentatum,
1357 3838 1390 3887 nt
1427 3837 1481 3869 ι*

442 3933 490 4007 qui
520 3934 549 3988 in
579 3932 722 3990 coloniam
744 3934 909 3989 Romanam
939 3931 1057 3988 nomina
1083 3933 1244 4001 dedissent,
1277 3933 1357 3990 cives
1385 3935 1466 3993 Ros¹¹

410 4040 546 4095 deesent.
593 4036 733 4095 Puteolos
755 4035 967 4109 Salernumque
994 4044 1022 4092 et
1044 4037 1208 4092 Buxentum
1239 4036 1380 4111 adscripti
1412 4064 1453 4087 ιιι
1480 4029 1481 4038 ’

442 4140 491 4213 qui
511 4139 630 4196 nomine
652 4138 805 4209 dederant,
830 4146 859 4195 et
882 4157 970 4214 quum
995 4140 1034 4196 ob
1054 4138 1084 4196 id
1106 4157 1138 4196 se
1158 4158 1212 4214 pro
1234 4140 1347 4198 civibus
1369 4143 1457 4200 no...

441 4242 557 4314 ferrent,
581 4251 698 4299 senatus
719 4242 867 4312 iudicavit,
891 4262 949 4299 non
971 4261 1034 4300 esse
1057 4261 1107 4300 eos
1130 4244 1208 4301 cives
1229 4245 1392 4306 Romanos.
1481 4268 1486 4277 ·
