3484 5025
576 440 793 514 ntaerxxxrx.'
814 464 860 527 (a,
874 461 935 513 oar.
950 462 1019 526 rsa)
1237 467 1292 523 193
1346 451 1350 457 ’

356 649 423 706 Hac
444 650 545 706 sedata
567 650 758 720 contentione,
783 650 841 707 alia
862 651 984 709 subinde
1008 649 1041 709 0.
1059 648 1184 707 Decimii
1205 649 1335 723 praetoris
1390 641 1431 713 39

269 764 367 811 morte
399 768 502 811 exorta
533 766 586 814 est.
637 754 691 813 Cn.
725 756 849 815 Sicinius
883 766 912 813 et
935 739 965 814 *L
1005 756 1126 838 Pupius,
1159 754 1209 829 qui
1240 754 1366 814 aeditest

269 862 408 935 proximo
441 881 517 918 anno
547 861 672 931 fuerant,
705 873 734 919 et
761 861 795 922 C.
818 863 964 931 Valerius,
986 863 1092 919 flamen
1114 843 1218 928 Dialis,
1248 857 1335 933 etQ.

269 943 396 1024 Fuliius
409 968 532 1023 Flaccus
557 968 601 1041 (is,
619 968 687 1041 quia
698 968 788 1025 aedilia
801 969 908 1025 curulis
922 968 1089 1042 designatus
1104 976 1175 1036 erat,
1193 966 1254 1023 sine
1267 976 1337 1041 toga

269 1073 407 1140 candida,
429 1073 481 1128 sed
497 1074 624 1129 maxima
645 1094 681 1131 ex
698 1076 832 1131 omuibus
854 1073 1047 1147 contentione)
1070 1074 1367 1148 petebant;.certa-3

269 1198 398 1252 meaque
428 1179 454 1235 ei
482 1198 545 1234 rum
573 1179 690 1237 tlatnine
712 1192 783 1239 erat.
835 1182 875 1239 Et
907 1191 1062 1257 postquam
1091 1180 1185 1254 primo
1211 1197 1337 1253 aquare,
1403 1194 1414 1237 t
1450 1208 1452 1211 ·

270 1303 504 1359 moxauperare
525 1286 612 1342 etiam
641 1297 686 1343 est
705 1289 794 1357 visus,
813 1306 892 1363 ¹pars
914 1288 1092 1344 tribunorum
1116 1285 1208 1360 plebis
1229 1302 1336 1359 negare

269 1391 416 1448 rationem
446 1392 507 1448 eius
538 1392 700 1447 habendam
730 1411 801 1461 esse,
830 1393 908 1465 quod
940 1394 1012 1449 duos
1040 1391 1125 1447 simul
1149 1408 1222 1445 unus
1245 1391 1367 1465 magi-4

227 1545 235 1558 .
271 1510 393 1565 atratus,
423 1496 580 1572 prasertim
608 1496 731 1561 curules.
752 1484 856 1572 ‘neque
887 1517 990 1574 capere
1019 1480 1116 1572 posset
1143 1515 1195 1553 nec
1223 1497 1336 1571 g'erere;

270 1621 343 1677 pars
365 1603 476 1676 legibus
504 1622 567 1658 euru
591 1602 665 1678 solvi
686 1623 798 1677 aequum
821 1623 953 1675 censere,
978 1615 1018 1672 ut,
1040 1622 1125 1677 quem
1147 1601 1242 1671 vellet,
1265 1622 1337 1677 proe·

270 1718 365 1766 toreru
390 1709 505 1765 creandi
529 1708 636 1782 populo
659 1721 787 1784 potestas
808 1713 898 1769 fieret.
937 1712 971 1769 L.
986 1709 1109 1769 Porcius
1131 1708 1231 1765 consul
1245 1687 1369 1783 primob

269 1814 300 1871 in
323 1834 360 1871 ea
381 1816 522 1871 sent-entia
548 1834 620 1881 esse,
648 1835 684 1872 ne
711 1837 815 1873 nomen
837 1818 899 1875 eius
917 1816 1081 1891 vacciperctr
1110 1814 1222 1886 deiude,
1249 1824 1281 1871 ut
1302 1817 1369 1874 exi

271 1922 447 1994 artctoritate
468 1933 585 1976 senatus
606 1921 681 1977 idem
696 1921 813 1990 faceret,
835 1924 1002 1980 convocatis
1024 1906 1164 1997 patribus,
1186 1895 1297 1978 referre
1307 1940 1339 1979 se

271 2028 308 2084 ad
333 2025 384 2083 eos
399 2028 487 2102 dixit,
509 2028 586 2100 quod
608 2046 661 2083 nec
682 2028 742 2085 iure
765 2030 823 2086 ullo
844 2049 897 2086 nec
924 2029 1058 2104 exemplo
1078 2026 1220 2084 tolerabili
1243 2028 1340 2084 liberm

270 2132 385 2189 civitati
406 2134 495 2189 aedilis
520 2134 625 2189 curulis
656 2134 823 2208 designatus
847 2146 1000 2211 praeturam
1028 2144 1151 2209 peteret;
1183 2133 1247 2203 sibi,
1283 2133 1339 2191 nisi

270 2238 344 2313 quid
366 2239 444 2296 aliud
466 2240 500 2295 iis
526 2240 679 2310 rideretur,
706 2242 734 2296 in
758 2241 854 2297 animo
877 2260 940 2299 esse
962 2260 978 2298 e
1000 2240 1063 2315 loge
1085 2240 1201 2296 comitia
1221 2240 1338 2297 habere.

271 2346 379 2403 Patres
401 2358 581 2413 censuerunt,
604 2346 643 2401 uti
667 2347 699 2405 L.
714 2346 835 2402 Porcius
857 2347 958 2403 consul
979 2366 1042 2403 cum
1058 2345 1093 2418 Q.
1111 2345 1215 2402 Fulvio
1230 2353 1369 2419 agerem

227 2475 229 2482 ·
273 2466 313 2511 ne
335 2453 540 2526 impedimento
562 2461 647 2519 esset,
668 2472 726 2527 quo
749 2453 842 2509 minus
866 2452 983 2511 comitia
1005 2451 1135 2528 praetoris
1156 2450 1290 2508 inlocum
1304 2448 1338 2508 O.

273 2557 401 2616 Decirnii
432 2559 610 2632 subrogandi
640 2579 656 2617 e
684 2558 749 2634 lege
779 2560 962 2618 haberentur.
1017 2559 1125 2633 Agenti
1157 2558 1267 2643 consuli
1303 2564 1371 2620 eus

256 2665 546 2720 senatusconsulto
570 2665 719 2740 respondit
742 2666 878 2736 Flaccus,
911 2666 995 2734 nihil,
1025 2665 1102 2739 quod
1131 2683 1163 2720 se
1190 2664 1339 2738 indiguum

220 2822 226 2829 .
275 2781 370 2837 esset,
413 2767 567 2828 facturum.
632 2769 730 2828 Medio
773 2745 912 2848 respbuso
955 2770 1035 2846 s'pem
1076 2770 1115 2826 ad
1160 2770 1339 2826 voluntatem

273 2877 530 2950 interpretantibus
568 2850 691 2944 fecerat:
728 2896 874 2934 cessurum
902 2854 1032 2952 patrum
1066 2875 1230 2933 auctoritati
1262 2893 1340 2951 ess03

246 3053 250 3062 Ι
275 2983 401 3041 comitiis
425 2983 519 3038 acrius
542 2983 627 3038 etiam
645 2968 730 3056 quarn
755 2995 821 3038 ante
836 2985 953 3056 petebat
964 2983 1153 3054 criminando,
1175 2981 1370 3056 extorqueri9

275 3091 332 3147 sibi
354 3110 373 3145 a
395 3089 511 3145 consule
533 3100 672 3145 etsenatu
696 3089 794 3163 populi
809 3089 932 3145 Romani
955 3089 1131 3157 beneficium,
1154 3099 1182 3145 et
1202 3089 1339 3146 invidiam

242 3228 244 3233 ·
275 3196 338 3255 lieri
360 3196 497 3270 geminati
520 3196 647 3261 honoris,
672 3207 809 3270 tanquam
832 3215 889 3251 non
912 3204 1074 3270 appareret,
1104 3194 1154 3251 ubi
1175 3195 1341 3269 designatus

228 3376 234 3383 .
276 3316 385 3378 praetor
406 3315 490 3367 esset,
512 3302 657 3376 extemplo
679 3302 814 3357 aedilitato
834 3321 866 3358 se
888 3300 1097 3358 abdicaturum.
1132 3299 1241 3356 Consul
1252 3320 1339 3374 quum
1355 3307 1392 3383 10

251 3421 306 3466 vet
338 3407 527 3482 pertinatiam
562 3408 684 3482 petentis
722 3427 850 3464 crescere
889 3416 917 3463 et
948 3404 1078 3462 favorem
1116 3406 1216 3480 populi
1249 3407 1341 3482 magis

275 3515 430 3589 magisque
453 3513 481 3568 in
505 3532 568 3568 euru
597 3513 727 3570 inclinari
750 3523 887 3583 cerneret,
919 3511 1043 3567 dimissis
1065 3510 1187 3590 comitiis
1209 3522 1341 3568 senatum

276 3619 405 3676 vocarit.
458 3618 638 3676 Cenauerunt
660 3617 833 3692 frequentes,
864 3616 1001 3692 quoniam
1023 3617 1160 3674 Flaccum
1184 3615 1341 3673 auctoritas

275 3713 393 3801 patrum
427 3724 498 3780 nilril
531 3725 685 3796 movisset„
710 3723 747 3779 ad
782 3725 919 3799 populum
953 3743 1018 3780 cum
1052 3723 1159 3780 Flacco
1189 3723 1340 3796 agendum.

276 3831 422 3890 Contione
451 3830 595 3886 advocata
623 3849 711 3903 qrrum
745 3832 849 3905 egisset
871 3829 980 3898 consul,
1007 3848 1043 3884 ne
1069 3837 1129 3884 tum
1159 3828 1274 3903 quidem
1305 3829 1390 3886 deli

274 3937 420 3995 sententia
455 3948 550 3991 rnotus
584 3935 693 4011 gratias
727 3937 833 4010 populo
867 3939 1000 3994 Romano
1034 3935 1108 4010 egit,
1141 3936 1219 4008 quod
1259 3945 1341 3992 tanto

276 4043 385 4112 studio,
429 4041 655 4116 quotiescunque
696 4041 877 4098 declaranda
914 4041 1071 4099 voluntatis
1103 4050 1232 4115 potestas
1263 4038 1342 4097 facta

276 4160 364 4213 esset,
397 4162 549 4222 praetorem
583 4167 616 4204 se
637 4147 775 4203 voluisset
809 4147 920 4216 facere3
951 4166 986 4204 ea
1017 4145 1072 4202 sibi
1105 4145 1201 4201 studia
1236 4140 1341 4202 civium
1357 4148 1393 4205 12
1471 4155 1472 4158 ’

276 4274 405 4312 suorum·
423 4255 578 4311 destituere
599 4273 657 4310 non
679 4271 742 4324 esse
758 4254 786 4310 iu
809 4255 915 4312 animo.
945 4243 1022 4312 >Haec
1043 4270 1112 4310 vero
1125 4252 1344 4310 tamobstiuata

304 4367 371 4405 Livius
385 4378 409 4404 ex
424 4377 464 4404 rer.
481 4366 579 4415 liedvigii.
608 4367 640 4405 vt.
1112 4362 1142 4404 1³
