3484 5025
441 510 499 568 mc
699 506 779 557 mun
795 505 909 557 xxxv.
946 506 1031 570 (aa
1044 519 1068 558 e.
1081 503 1156 568 aaa.)

394 707 517 749 munera
541 688 628 761 data,
659 689 726 764 oqui
756 689 832 761 duo,
863 688 934 746 bina
964 688 1110 763 equestria
1140 706 1226 745 arma
1258 696 1288 746 at
1314 706 1378 748 vata

394 803 500 871 gantaa
521 805 635 852 cantum
657 794 756 869 pondo
777 803 807 851 et
828 812 919 851 aurea
939 791 1041 868 viginti
1063 793 1171 868 pondo.

299 893 346 965 24
478 898 576 972 Quum
605 898 655 956 alii
684 908 772 973 atqua
800 898 850 956 alii
880 897 972 954 nuntii
996 898 1102 960 ballum
1124 895 1236 954 instare
1259 895 1377 956 altem

393 1021 454 1062 ram
470 1002 614 1078 portinere
628 1002 721 1059 viaum
743 1010 796 1066 ost.
814 1001 948 1060 conculca
968 1001 1064 1076 primo
1079 1019 1198 1076 quoquc
1214 1011 1378 1077 tcmporau

363 1108 500 1183 21taqna
529 1115 648 1164 sanatus
680 1106 841 1163 consultum
865 1104 975 1164 factum
998 1115 1051 1173 eat,
1082 1114 1115 1164 ut
1141 1106 1183 1164 Μ.
1205 1106 1329 1165 Fulvius
1355 1125 1378 1182 pr

393 1212 504 1270 litteras
531 1210 678 1286 axtamplo
709 1211 747 1268 ad
775 1210 921 1268 consulam
951 1210 1086 1282 mittar-ct,
1116 1211 1223 1286 quibua
1247 1211 1378 1270 certiori

394 1316 508 1374 conatui
539 1316 670 1392 placare,
699 1315 850 1390 provincia
875 1314 1060 1389 exercituque
1080 1315 1189 1373 tradito
1211 1315 1318 1392 legaris
1337 1316 1378 1376 Ro

363 1418 503 1478 3ravarti
531 1439 597 1477 aum
625 1429 654 1476 ct
681 1437 719 1476 ex
748 1418 857 1499 itincre*
877 1420 1052 1494 pramittaro
1079 1418 1224 1491 edictum,
1255 1437 1316 1495 quo
1344 1438 1377 1478 co

365 1585 369 1594 ,
394 1525 562 1583 consulibua
599 1523 732 1581 creandis
761 1524 895 1582 adiceret
953 1524 1058 1582 Paruit
1089 1523 1125 1581 iia
1156 1522 1263 1581 littaris
1293 1543 1377 1583 contu

363 1629 546 1705 lpraemiaao
564 1629 659 1686 edicto
671 1630 795 1685 Romam
808 1629 897 1686 vanit.
934 1630 981 1687 Eo
1003 1646 1120 1702 quoquc
1142 1647 1221 1686 anno
1243 1647 1378 1705 magnac

367 1793 370 1800 ,
394 1734 436 1792 tio
457 1733 522 1803 fuit,
545 1733 624 1808 quod
644 1732 757 1808 patricii
778 1742 836 1790 trca
858 1733 888 1789 in
910 1752 997 1790 unum
1019 1733 1115 1789 locum
1137 1732 1300 1808 pcticrunt,
1330 1736 1363 1792 P.

393 1838 486 1894 naliua
501 1836 640 1895 Cnfilina
658 1821 767 1911 Scipio,
789 1838 838 1912 qui
860 1838 958 1912 priora
979 1856 1056 1895 anno
1077 1837 1226 1912 repulsam
1248 1839 1360 1910 tulerat,

362 1940 547 2000 §Cornelius
569 1941 668 2016 Scipio
690 1950 719 1999 ot
740 1939 794 2001 Cn.
817 1942 945 2000 Manlius
966 1943 1071 2016 Vulso.
1120 1943 1156 2000 P.
1173 1942 1315 2019 Scipioni,
1334 1954 1365 2002 ut

392 2055 453 2104 tum
485 2045 550 2104 viro
577 2047 641 2117 tali,
670 2064 729 2103 non
758 2053 896 2120 nugatum
924 2047 1064 2103 honoram
1096 2057 1269 2122 appareret,
1295 2065 1378 2106 consu

393 2151 479 2210 datua
501 2160 554 2210 cst.
608 2150 737 2208 Additur
765 2151 791 2207 ei
814 2151 850 2207 da
875 2150 961 2225 plebe
982 2150 1094 2226 collega
1115 2152 1166 2210 Μ’.
1189 2153 1304 2212 Acilius
1324 2152 1378 2212 Gn

362 2256 518 2319 6Poatero
549 2256 596 2313 dia
616 2263 755 2329 pratorcs
777 2254 867 2311 creati
891 2256 926 2315 L.
946 2254 1086 2313 AEmiliua
1108 2257 1231 2326 Paulus,
1258 2257 1300 2316 M.
1320 2259 1378 2316 AEu

392 2360 531 2435 Lepidus,
551 2360 594 2417 M.
610 2357 711 2415 Iunius
733 2358 850 2427 Brutus,
872 2359 913 2418 A.
935 2355 1088 2416 Cornelius
1109 2361 1285 2430 Mammula,
1304 2359 1338 2424 C.
1355 2361 1378 2420 1.

392 2473 421 2522 ct
442 2465 477 2524 L.
499 2463 627 2540 Oppina3
657 2463 771 2537 utrique
800 2481 900 2520 corum
926 2461 1074 2523 Salinator
1103 2482 1265 2541 cognomen
1287 2475 1361 2537 arat,

391 2569 457 2645 pina
481 2569 506 2625 is
528 2578 606 2638 crat,
632 2567 681 2642 qui
703 2567 824 2625 classem
848 2568 950 2643 viginti
969 2569 1087 2625 navium
1116 2569 1145 2624 in
1168 2568 1297 2628 Siciliam
1325 2573 1378 2629 dux

361 2673 511 2731 lIntcrim
539 2673 608 2729 dum
637 2673 708 2730 novi
730 2673 916 2748 magistratus
938 2673 1109 2731 sortirentur
1130 2673 1307 2748 provincias,
1327 2676 1367 2733 M.

391 2775 456 2833 biua
488 2794 507 2833 a
530 2775 686 2834 Brundisio
714 2795 778 2834 cum
805 2777 939 2835 omnibus
961 2778 1052 2854 copiis
1074 2778 1198 2835 transire
1218 2779 1248 2835 in‘
1270 2780 1378 2856 Epimu

359 2880 485 2940 8iusaua
512 2889 541 2936 ct
570 2880 647 2938 circa
673 2881 863 2955 Apolloniam
898 2882 999 2956 copias
1028 2882 1189 2954 continere,
1216 2892 1246 2940 ct
1276 2885 1319 2946 M.
1350 2885 1378 2943 tu

389 2983 507 3057 proetori
537 2985 649 3041 urbano
675 2987 822 3060 negotium
851 2985 951 3043 datum
975 2997 1028 3058 cat,
1060 2996 1092 3043 ut
1117 2986 1378 3062 quinqncramcsn

389 3086 599 3162 quinquaginta
619 3088 739 3148 facerat.

471 3192 512 3249 Et
538 3192 663 3268 populus
691 3194 807 3267 quidam
830 3196 982 3253 Romanus
1008 3195 1050 3251 ita
1076 3211 1108 3251 sc
1139 3194 1176 3250 ad
1209 3213 1312 3252 omncs
1335 3213 1378 3253 cor

356 3293 527 3356 cannochi
548 3297 748 3372 proeparabat3
786 3299 882 3356 Nabis
909 3299 966 3355 iam
993 3318 1052 3355 non
1074 3296 1228 3355 differebat
1258 3300 1376 3371 ballum,

387 3417 502 3457 summa
529 3402 558 3458 vi
587 3400 735 3476 Gytheum
766 3404 957 3478 oppugnabat
983 3411 1028 3472 at,
1058 3401 1187 3460 infensus
1209 3405 1348 3476 Achaia,
1373 3426 1378 3460 ι

356 3503 527 3566 amiserant
550 3505 677 3563 obsessis
707 3505 890 3579 praeaidium,
917 3524 1005 3580 agros
1026 3524 1126 3563 eorum
1148 3509 1295 3567 vastabat.
1341 3512 1378 3570 At

388 3626 446 3665 non
468 3617 556 3666 antea
581 3611 646 3667 ansi
668 3627 820 3685 capasacrc
843 3610 959 3680 ballum,
982 3628 1069 3684 quam
1092 3612 1129 3667 ab
1151 3612 1249 3669 Roma
1269 3613 1378 3672 revorti

352 3710 484 3786 alagon,
506 3722 547 3784 nt,
569 3714 638 3789 quid
653 3714 765 3772 senatui
779 3713 917 3789 placarat,
938 3714 1053 3785 scireut,
1074 3725 1142 3789 post
1155 3715 1277 3775 raditum
1293 3717 1378 3794 legat(

386 3825 416 3872 ct
438 3816 592 3893 Sicyonem
615 3818 767 3876 concilium
799 3818 951 3874 edixerunt
977 3827 1006 3874 ct
1026 3818 1139 3893 lagatos
1168 3821 1207 3876 ad
1229 3822 1266 3879 T.
1289 3823 1378 3896 Quinc

353 3919 535 3991 dmiacrum,
557 3922 607 3997 qui
628 3923 777 3981 consilium
801 3922 838 3979 ab
860 3941 896 3978 oo
918 3930 1059 3997 peterent.
1114 3923 1151 3979 In
1179 3925 1304 3982 concilio
1325 3943 1378 3984 omi

388 4023 427 4081 ad
461 4025 568 4084 ballum
602 4027 748 4106 extemplo
774 4026 982 4101 capessendum
1009 4025 1153 4087 inclinata
1180 4030 1329 4087 acntanliae
1355 4046 1378 4087 cr

387 4127 489 4186 littcroe
511 4131 550 4191 T.
569 4129 695 4204 Quinctii
717 4130 929 4187 cunctationem
951 4129 1119 4200 iniecerunt,
1142 4132 1247 4205 quibua
1269 4143 1369 4191 auctor

352 4244 545 4310 epraetorem
571 4233 752 4310 clausamque
772 4236 937 4293 Romanam
968 4237 1164 4312 exspectandi.
1219 4236 1317 4312 Quum
1345 4256 1378 4314 pu
