3484 5025
468 527 506 581 4ο
738 521 817 570 Liber
833 520 934 571 xm
971 522 1020 584 (Δ.
1032 536 1059 573 ιι.
1073 535 1093 570 a.
1107 526 1179 578 ott.)

548 642 558 671 h

425 706 520 774 Delio,
543 707 593 781 qui
614 725 651 763 ex
664 713 751 779 pacto
764 705 920 763 transvecti
935 724 970 762 eo
982 704 1105 775 fuerant,
1126 705 1277 779 promissis
1289 706 1379 781 rogis,
1403 724 1489 780 quum

424 810 597 869 desiderium
632 828 749 885 quoque
777 812 880 885 patriae
908 810 1023 868 facilius
1059 810 1097 867 ad
1131 810 1305 868 credendum
1340 811 1492 869 inclinaret

425 916 547 985 animos,
569 916 708 975 revocati.

393 1021 411 1075 9
508 1024 558 1080 Ab
590 1021 694 1079 Andro
722 1020 868 1097 Cythnum
899 1020 1082 1081 traiecerunt.
1138 1019 1186 1076 lbi
1214 1020 1274 1077 dies
1302 1020 1416 1095 aliquot
1441 1040 1491 1097 op·

423 1127 581 1203 pugnanda
613 1129 686 1185 urbe
719 1128 913 1202 nequicquam
945 1127 1107 1201 absumpti,
1149 1136 1178 1183 et
1214 1126 1283 1201 quia
1317 1126 1370 1183 vix
1397 1145 1491 1203 opera

376 1235 410 1289 10
423 1234 547 1308 pretium
576 1236 653 1300 erat,
679 1233 854 1289 abscessere.
904 1232 954 1288 Ad
981 1232 1102 1289 Prasias
1131 1232 1317 1300 (continentis
1338 1232 1491 1290 Atticoeis

423 1340 504 1396 locus
527 1344 584 1407 est)
612 1338 768 1393 Issaeorum
790 1337 891 1411 viginti
918 1338 1006 1394 lembi
1032 1335 1118 1393 classi
1140 1338 1340 1394 Romanorum
1366 1338 1491 1399 adiuncti

423 1454 499 1500 sunt.
544 1443 572 1499 Ii
606 1440 686 1497 missi
722 1441 759 1497 ad
797 1443 981 1516 populandos
1017 1441 1215 1517 Carystiorum
1256 1460 1361 1518 agros3
1398 1454 1491 1502 cetera

423 1547 524 1606 classis
548 1546 726 1614 Geraestum,
757 1547 884 1604 nobilem
906 1548 1026 1606 Euboeae
1047 1557 1181 1621 portum,
1212 1547 1280 1604 dum
1307 1550 1345 1605 ab
1368 1548 1490 1627 Carysto

374 1658 405 1712 ll
424 1653 505 1710 Issaei
526 1652 661 1722 redirent,
683 1652 782 1709 tenuit
824 1653 898 1710 Inde
920 1671 1029 1721 omnes,
1051 1651 1123 1708 velis
1144 1653 1173 1708 in
1195 1652 1285 1709 altum
1308 1652 1396 1723 datis,
1419 1655 1490 1712 mari

375 1762 410 1817 12
424 1757 519 1814 medio
548 1766 652 1831 praeter
681 1758 802 1834 Scyrum
832 1758 956 1815 insulam
986 1758 1068 1815 Icum
1098 1776 1264 1832 pervenere.
1310 1758 1357 1815 lbi
1383 1777 1490 1834 paucos

424 1863 485 1919 dies
513 1863 648 1921 saeviente
669 1865 767 1920 Borea
788 1864 906 1933 retenti,
934 1863 983 1919 ubi
1011 1863 1106 1937 prima
1132 1862 1325 1936 tranquillitas
1347 1863 1420 1921 data
1443 1874 1491 1933 est,

425 1969 573 2027 Sciathum
602 1969 755 2038 traiecere,
792 1978 936 2025 vastatam
979 1969 1079 2025 urbem
1115 1968 1317 2043 direptamque
1352 1987 1447 2045 nuper
1474 1988 1490 2028 a

375 2077 410 2132 13
424 2075 569 2149 Philippo.
617 2076 677 2132 Per
698 2092 784 2148 agros
806 2072 897 2148 palati
920 2072 1023 2129 milites
1044 2072 1234 2142 frumentum,
1257 2074 1331 2129 etsi
1355 2093 1416 2148 qua
1436 2075 1491 2132 alia

424 2180 487 2236 usui
510 2198 574 2236 esse
600 2180 636 2237 ad
658 2179 832 2236 vescendum
855 2186 1005 2253 poterant,
1037 2177 1074 2233 ad
1103 2196 1193 2234 naves
1220 2178 1359 2249 retulere;
1389 2182 1489 2256 praeda

423 2303 476 2341 neo
504 2296 567 2341 erat
592 2286 765 2360 quicquam,
797 2302 850 2340 nec
882 2292 1046 2339 meruerant
1067 2282 1181 2352 Gracci,
1213 2302 1264 2340 cur
1291 2284 1490 2359 diriperentur.

376 2390 495 2448 llInde
517 2390 729 2448 Cassandream
759 2398 889 2463 petentes
919 2388 1013 2462 primo
1043 2388 1080 2444 ad
1108 2388 1286 2457 Mendaeum,
1316 2392 1488 2448 maritimum

424 2493 549 2551 civitatis
571 2493 632 2550 eius
648 2494 754 2563 vicum,
777 2503 903 2550 tenuere.
943 2494 1016 2550 Inde
1034 2512 1120 2567 quum
1138 2503 1275 2568 superato
1290 2496 1488 2571 promuntorio

424 2599 461 2655 ad
483 2599 547 2672 ipsa
569 2599 676 2656 moenia
697 2599 776 2659 urbis
798 2598 995 2673 circumagere
1016 2599 1137 2655 classem
1153 2600 1268 2668 vellent,
1291 2619 1371 2658 saeva
1391 2613 1489 2660 coorta

424 2713 611 2778 tempestate,
638 2721 730 2778 prope
757 2703 852 2760 obruti
874 2705 1023 2773 fluctibus,
1054 2705 1190 2778 dispersi,
1221 2724 1328 2780 magna
1351 2719 1387 2763 ex
1410 2717 1488 2782 parte

376 2816 410 2869 15
424 2809 537 2866 amissis
560 2809 762 2877 armamentis,
791 2809 820 2865 in
848 2819 955 2865 terram
984 2807 1155 2883 effugerunt.
1202 2808 1296 2867 Omen
1319 2829 1437 2886 quoque
1457 2831 1489 2870 ea

424 2916 569 2973 maritima
590 2925 746 2988 tempestas
769 2915 806 2971 ad
826 2933 885 2971 rem
901 2926 979 2970 terra
993 2915 1150 2988 gerendam
1168 2914 1231 2971 fuit.
1269 2916 1349 2972 Nam
1365 2917 1489 2975 collectis

423 3024 452 3079 in
485 3040 573 3078 unum
608 3020 731 3075 navibus
766 3021 963 3094 expositisque
993 3019 1084 3093 copiis
1115 3019 1244 3092 aggressi
1272 3019 1391 3090 urbem,
1427 3039 1487 3077 cum

424 3127 520 3183 multis
535 3125 700 3182 vulneribus
714 3126 822 3200 repulsi
845 3131 886 3198 (et
900 3134 963 3181 erat
979 3123 1107 3179 validum
1119 3122 1160 3179 ibi
1177 3123 1287 3197 regium
1303 3125 1487 3197 praesidium),

422 3233 504 3289 irrito
525 3233 640 3306 incepto
661 3232 785 3305 regressi
805 3231 842 3287 ad
859 3228 1058 3288 Canastraeum
1075 3225 1209 3282 Pallenes
1232 3228 1381 3286 traiecere.
1420 3231 1488 3288 lndo

423 3346 559 3412 superato
586 3339 713 3393 Toronae
740 3336 958 3410 promuntorio,
987 3334 1159 3407 navigantes
1182 3333 1349 3389 Acanthum
1373 3337 1487 3409 petiere.

374 3443 469 3500 ldlbi
498 3444 592 3517 primo
619 3459 690 3515 ager
710 3452 859 3508 vastatus,
895 3440 998 3495 deinde
1027 3440 1091 3513 ipsa
1119 3438 1188 3495 urbs
1219 3438 1249 3492 vi
1276 3448 1364 3512 capta
1393 3460 1427 3498 ac
1448 3441 1486 3497 di·

400 3558 521 3622 ,repta3
552 3566 605 3604 nec
634 3547 709 3604 ultra
737 3545 886 3621 progressi
909 3545 980 3618 (iam
1004 3545 1078 3600 enim
1102 3554 1130 3598 et
1153 3560 1258 3617 graves
1281 3544 1381 3617 praeda
1401 3563 1487 3602 naves

423 3649 587 3727 habebant)
626 3662 720 3720 retro,
759 3651 835 3707 unde
868 3659 1022 3718 venerant,
1059 3648 1207 3706 Sciathum
1244 3660 1273 3705 et
1304 3649 1342 3705 ab
1373 3649 1486 3708 Sciatho

425 3757 566 3814 Euboeam
594 3766 736 3830 repetunt.

328 3861 372 3928 46
508 3862 554 3918 lbi
570 3862 672 3918 relicta
688 3863 789 3930 classe,
811 3860 911 3916 decem
931 3859 1054 3915 navibus
1069 3858 1211 3932 expeditis
1224 3858 1318 3915 sinum
1333 3860 1485 3918 Maliacum

424 3969 568 4024 intravere
590 3968 628 4023 ad
650 3965 871 4040 colloquendum
896 3983 960 4021 cum
973 3964 1083 4021 AEtolis
1099 3965 1135 4020 de
1151 3963 1264 4020 ratione
1280 3965 1400 4037 gerendi
1416 3964 1485 4022 belli

393 4077 410 4132 2
424 4073 565 4148 Pyrrhias
583 4073 701 4129 AEtolus
718 4071 852 4145 princeps
867 4069 1020 4145 legationis
1035 4069 1096 4125 eius
1113 4067 1176 4136 fuir,
1193 4087 1258 4142 quae
1276 4069 1314 4124 ad
1332 4069 1485 4127 communi·

424 4178 517 4234 canda
533 4176 653 4233 consilia
668 4176 841 4232 Heracleam
854 4194 920 4231 cum
932 4192 1001 4248 rege
1020 4185 1048 4230 et
1063 4191 1127 4229 cum
1146 4175 1280 4230 Romano
1295 4173 1393 4247 legato
1403 4174 1488 4232 venit.

393 4281 551 4343 3Petitum
576 4301 612 4337 ex
637 4280 746 4336 foedere
767 4280 806 4335 ab
827 4279 930 4337 Attalo
953 4288 1013 4348 est,
1044 4288 1076 4334 ut
1100 4277 1177 4334 mille
1199 4278 1302 4334 milites
1324 4287 1489 4352 praeterea
