3484 5025
776 535 875 578 xxvtt

291 725 381 771 autem
410 723 437 771 et
456 714 549 772 Nubis
572 716 680 790 publice
709 725 734 771 et
755 714 876 772 Nabidis
901 718 1027 791 proesecti
1054 718 1204 791 militesque
1221 720 1355 791 priuatim

294 798 414 859 educere.
468 797 560 867 Quum
582 799 763 874 publicumve
785 809 834 855 aut
855 800 999 873 privatum
1022 802 1153 873 scriptum
1168 809 1245 870 esset,
1266 802 1355 857 alteru

295 884 448 955 scriptura,
481 886 510 937 iu
540 885 663 954 uturpiue
695 890 842 950 ureuotutu,
884 886 911 938 iu
947 884 1063 937 alienum
1099 883 1185 938 locum
1218 885 1355 939 treusbttu

297 965 422 1036 uidetur.)
474 970 488 1020 7
514 965 634 1032 liberos,
666 965 802 1038 coniuges
832 966 881 1036 (M
889 972 901 1020 ‚¹
929 966 1022 1021 Potest
1042 966 1123 1021 etium
1136 967 1238 1036 juisse:
1269 967 1354 1030 bona,

300 1047 409 1114 liberos,
433 1046 583 1123 coniuges)
611 1053 644 1103 10
668 1066 799 1120 quosque
824 1046 869 1122 [et]
893 1049 954 1122 ipse
977 1048 1354 1114 (Bett.,·ed.m0c.1535

302 1148 368 1202 quas
388 1130 462 1203 ipse)
494 1133 523 1186 11
559 1128 748 1196 (Scribeudum
760 1130 868 1185 uidetur
888 1131 999 1203 argenti
1010 1131 1181 1204 praesentia;
1202 1131 1267 1189 Em.
1284 1131 1355 1202 390)

304 1209 425 1280 XXXVI,
450 1216 466 1269 3
491 1213 528 1268 ad
550 1216 607 1268 siue
627 1215 703 1268 erucis
725 1214 796 1283 (My.
812 1213 961 1286 Eurum)
984 1210 1129 1281 XXXVII,
1158 1220 1166 1269 Ι
1192 1214 1220 1269 in
1243 1212 1356 1269 circulis

305 1295 637 1370 (ermemmarus)
655 1298 670 1351 3
683 1295 774 1351 iussit.
787 1295 828 1352 ibi
843 1298 891 1366 (M)
904 1293 1061 1366 XXXVIII,
1075 1301 1090 1352 4
1105 1296 1230 1353 clamore
1241 1295 1356 1352 sublato

307 1377 354 1449 (B)
377 1382 393 1431 5
416 1388 500 1452 parte
523 1398 594 1438 una.
608 1422 616 1438 .
629 1378 750 1438 ,altera
763 1421 769 1438 .
784 1378 884 1436 .tertia
906 1381 971 1452 (Mp.
989 1379 1052 1436 Em.
1068 1380 1140 1453 466)
1164 1384 1181 1435 6
1203 1379 1357 1435 laborabat

307 1460 352 1532 (II,
371 1469 401 1516 ut
423 1460 474 1529 II,
496 1461 551 1528 38,
576 1464 609 1529 l,
631 1461 695 1530 III,
719 1462 770 1529 18,
801 1464 854 1525 16,·
877 1461 925 1517 sed
946 1462 1003 1530 III,
1030 1465 1085 1529 60,
1118 1461 1155 1516 13
1181 1464 1357 1535 utquisque

307 1543 480 1619 occurrerat.)
504 1539 637 1612 XXXIX,
660 1546 677 1601 9
701 1554 767 1600 tunc
789 1563 859 1600 vero
884 1544 934 1615 (M
938 1549 962 1616 t)
990 1542 1049 1613 XL,
1074 1546 1279 1619 4p1·oficerent
1301 1544 1355 1615 (ed.

310 1625 406 1701 Cump.)
444 1630 461 1683 5
491 1646 583 1701 prope
612 1629 669 1682 sine
699 1629 776 1683 uucis
810 1627 853 1698 (P.
876 1627 911 1682 u.
938 1628 1040 1683 Mulier
1060 1630 1088 1683 iu
1109 1628 1209 1686 Philet.
1234 1647 1259 1683 u.
1283 1627 1356 1694 XII,

308 1727 331 1782 p.
349 1710 402 1774 593
423 1710 488 1769 Em.
513 1708 584 1784 465)
608 1706 709 1776 XLIII,
735 1714 751 1765 5
775 1709 855 1765 hand
877 1710 963 1766 dubie
985 1708 1099 1784 (Grau.)
1122 1707 1220 1771 XLIV,
1244 1714 1261 1768 6
1283 1709 1356 1766 ludi-

310 1810 354 1863 que
379 1792 470 1848 votivi
505 1792 557 1864 (M
560 1814 571 1857 ,·
604 1792 654 1854 Ib.
678 1793 829 1847 Mommsen
859 1793 914 1849 ut.
936 1794 1012 1849 Mus.
1045 1792 1085 1849 N.
1108 1793 1143 1849 F.
1167 1794 1253 1860 XIV,
1281 1793 1317 1849 87
1328 1814 1355 1851 m.

311 1874 352 1939 783
369 1894 411 1931 res
433 1876 540 1939 dubia.)
566 1872 651 1943 XLV,
675 1879 691 1930 4
711 1875 764 1932 cir.
788 1876 873 1933 Rom.
896 1876 1016 1932 coloniae
1042 1877 1081 1948 (Β
1103 1877 1184 1948 rece.)
1209 1882 1224 1932 5
1248 1877 1288 1949 (Q
1310 1878 1356 1944 **,

310 1954 335 2015 Ο.
345 1956 476 2015 Salonius
505 1958 569 2015 We
583 1957 668 2019 Frob.
686 1959 782 2014 1535.-
805 1958 975 2032 Mernlaque
998 1968 1026 2015 et
1047 1958 1078 2017 O.
1092 1959 1236 2017 Salonius·
1261 1958 1320 2015 uec.
1344 1978 1357 2015 e

311 2040 339 2093 Μ
356 2043 464 2114 profert
486 2040 601 2097 Merula
624 2050 652 2096 et
674 2039 706 2099 C.
730 2040 874 2099 Salonius.
905 2042 1005 2097 Hertz:
1036 2043 1072 2114 Q.
1101 2051 1129 2097 et
1151 2040 1184 2099 C.
1209 2041 1356 2112 Salonius)

261 2133 262 2196 j
311 2125 324 2176 8
347 2122 452 2180 factum
486 2133 530 2179 est
561 2123 649 2197 (quod
670 2133 799 2179 retentum
821 2127 950 2197 oportuit)
973 2121 1078 2194 XLVI,
1113 2129 1122 2180 1
1150 2124 1274 2181 Flaccus
1302 2143 1354 2185 em,

260 2199 262 2213 ²
311 2205 360 2277 (Μ)
381 2209 397 2261 3
420 2225 458 2262 ex
480 2206 579 2280 praeda
601 2226 651 2262 om.
670 2208 731 2278 (M)
754 2211 768 2262 7
793 2208 830 2262 ad
853 2225 979 2282 pugnam
1002 2208 1061 2280 (M)
1087 2210 1121 2264 12
1144 2208 1272 2264 iecerunt
1294 2207 1355 2280 (M)

261 2283 262 2340 I
314 2290 338 2343 73
366 2289 474 2345 eiecere
511 2289 562 2361 (Β)
594 2286 715 2357 XLVII,
749 2290 914 2346 bhostium
946 2290 1069 2364 perstitit
1097 2290 1134 2346 ad
1162 2290 1269 2346 vallum
1292 2289 1355 2361 (M)

311 2366 428 2441 XLVIII,
469 2374 487 2427 2
510 2372 623 2428 Eodem
647 2390 723 2428 anno
753 2373 819 2445 (M;
847 2374 897 2445 cfr.
919 2373 1055 2441 XXXV,
1078 2374 1125 2439 46,
1147 2373 1180 2444 5)
1205 2369 1209 2448 I
1235 2371 1356 2428 dicendo

311 2453 357 2526 (Μ)
398 2458 414 2512 5
438 2453 528 2527 (Num
551 2465 666 2512 ventum
689 2453 764 2531 esti)
802 2459 819 2513 6
849 2454 1011 2530 [haerentem
1035 2486 1074 2496 —
1097 2454 1231 2531 civitatIs]
1253 2455 1304 2527 (M
1305 2476 1316 2520 ,·
1330 2472 1355 2513 u.

310 2539 401 2611 upra.)
424 2535 534 2608 XLIX,
557 2541 574 2595 3
596 2540 688 2614 possit
713 2540 753 2611 (Β
774 2558 808 2598 m.
833 2543 859 2608 l,
884 2541 950 2612 Mt)
985 2544 1000 2596 7
1026 2548 1056 2596 ut
1084 2538 1170 2596 factis
1198 2539 1253 2612 (ed.
1277 2539 1354 2594 Med.

312 2621 383 2688 1505,
404 2623 441 2678 M
448 2623 473 2695 t)
507 2624 524 2679 8
548 2623 722 2696 praecipitem
750 2631 779 2678 et
801 2621 969 2679 effrenatam
1001 2625 1047 2695 (Μ.
1073 2625 1182 2680 Mallem
1203 2623 1308 2679 abesset
1329 2631 1356 2678 et

311 2700 463 2762 effrenatam
491 2713 541 2760 aut
567 2707 745 2761 scriberetur:
777 2706 894 2762 nimium
918 2716 946 2762 et
968 2705 1136 2763 effrenatam
1160 2716 1188 2762 et
1210 2706 1287 2764 aliis.
1302 2749 1307 2762 .
1321 2747 1349 2765 ..

312 2784 430 2859 habeant,
442 2788 619 2863 praecipitem
632 2807 703 2846 esse.
732 2783 833 2844 Vitium
847 2791 931 2845 sensit
944 2791 1024 2844 etium
1037 2789 1203 2845 Ititscbelius
1214 2789 1290 2845 Mus.
1301 2787 1356 2846 ut.

311 2867 412 2940 XVIII,
429 2890 462 2944 p.
484 2869 554 2945 479)
579 2868 612 2939 L,
645 2876 659 2926 4
684 2871 732 2944 pio
757 2889 791 2926 uc
812 2890 872 2928 nec.
895 2871 957 2940 (M)
979 2875 995 2927 6
1020 2880 1218 2945 argumentum
1242 2879 1286 2925 est
1307 2872 1356 2940 (M,

312 2948 431 3009 Manu.
452 2971 483 3026 p.
508 2951 733 3027 resupnum.)
757 2951 802 3021 LI,
832 2956 841 3008 1
867 2953 1025 3009 civitatium
1048 2953 1148 3009 habuit
1170 2953 1222 3026 (Β)
1248 2949 1308 3020 LII,
1339 2957 1355 3008 5

312 3030 398 3092 hitX
431 3044 460 3092 et
492 3043 559 3090 octo
597 3035 676 3091 milia
705 3036 818 3109 pondo,
848 3047 876 3091 et
906 3035 1029 3092 ducenta
1062 3035 1244 3110 septuaginta
1277 3033 1356 3104 facti,

313 3130 369 3172 vasu
392 3118 484 3173 multa
508 3117 577 3190 (up.
590 3117 652 3175 Em.
666 3116 736 3190 406)
761 3122 778 3174 6
794 3119 968 3190 (tetrachma
987 3119 1065 3174 Imm.
1081 3119 1190 3174 Belclcer
1204 3137 1218 3173 e
1232 3127 1297 3178 uest.
1312 3119 1356 3183 Β,·

313 3194 385 3254 urat.
407 3199 637 3271 tetradrachma)
662 3197 835 3277 ((quattnor
858 3199 942 3257 Grau.
968 3201 1055 3257 Oodd.
1080 3201 1177 3272 trium)
1201 3197 1273 3268 LIII,
1300 3205 1358 3258 lut

313 3279 385 3353 (Β)4
408 3285 579 3341 locaverant
600 3283 653 3355 (Μ)
674 3281 749 3352 LIV,
784 3289 792 3339 1
818 3284 1019 3357 subrogandos
1040 3283 1124 3345 rediit
1147 3281 1199 3357 (M)
1224 3279 1227 3359 )
1251 3283 1357 3354 (Verbo

314 3361 366 3421 hcc:
388 3385 461 3425 com.
494 3384 573 3425 cons.
602 3364 697 3434 fuere,
728 3367 833 3439 quibus
854 3376 919 3435 cet,
946 3369 1132 3423 inanissimum
1161 3365 1357 3423 abunduntiam

315 3445 402 3519 bebere,
422 3449 639 3506 Forcbbommer
659 3451 757 3512 seusit3
779 3450 879 3506 eccidit
898 3469 991 3506 nomeu
1014 3451 1080 3506 diei:
1112 3448 1259 3505 consulum
1282 3465 1356 3504 com.

314 3526 377 3587 here
409 3551 435 3587 a.
468 3534 497 3590 d.
533 3526 560 3597 *,
597 3531 694 3604 quibus
725 3541 773 3587 cet.
808 3531 855 3588 Sic
888 3533 975 3601 babet,
1009 3553 1062 3608 quo
1097 3534 1241 3603 referatur,
1274 3530 1356 3586 tttuct:

315 3621 411 3682 postero
439 3615 510 3686 die.)
546 3617 563 3670 3
592 3615 720 3670 scenicos
749 3614 856 3670 Atilius
884 3615 1000 3687 (Drub.)
1043 3621 1059 3672 4
1093 3614 1228 3670 tributum
1259 3612 1356 3669 existi·

316 3697 439 3753 uentibus
465 3697 518 3769 (M)
553 3701 569 3752 5
599 3697 700 3769 (aequoe
724 3696 812 3766 Crem,
833 3698 913 3757 codd.
936 3698 1032 3772 aeqne)
1060 3695 1136 3766 LVI,
1165 3699 1181 3752 2
1205 3695 1357 3770 praefectus

315 3774 374 3835 Pisis
402 3781 455 3851 (M)
490 3782 568 3836 3ex
590 3788 664 3836 auct.
692 3790 809 3836 senatus
842 3782 896 3852 (M)
930 3781 1115 3854 bdiscripsit
1137 3776 1229 3848 LVII,
1265 3779 1379 3836 bost.x

317 3856 430 3928 Quinctio
455 3862 506 3933 (Μ)
536 3866 554 3918 6
578 3862 701 3918 venisset
723 3864 776 3934 (ed.
792 3863 875 3931 Alc.)
899 3866 982 3920 {teas
1004 3883 1096 3918 errore
1118 3859 1121 3938 )
1145 3880 1198 3919 nec
1221 3880 1280 3922 acc.
1304 3863 1356 3933 (Μ)

321 3943 345 3994 10
364 3945 500 4016 quasdam
524 3945 634 4000 intrare
657 3947 696 4013 (Μ
704 3952 717 3999 t
738 3946 818 4017 rece.)
849 3943 954 4013 LVIII,
988 3950 1004 4002 5
1028 3946 1204 4002 Antiochum
1226 3939 1271 4011 **,
1294 3961 1357 4015 quae

318 4018 365 4095 (Μ).
380 4026 439 4086 Em.
456 4026 527 4102 467)
552 4022 555 4102 )
580 4027 617 4082 ab
639 4027 801 4083 Thracibus
824 4029 929 4102 partim
951 4046 1087 4102 possessa
1108 4028 1196 4084 armis
1220 4029 1269 4099 (M.
1291 4025 1355 4081 Em.

319 4103 379 4181 Ic.)
415 4114 429 4165 7
461 4119 598 4184 expetere
620 4111 818 4166 Romanorum
855 4111 910 4183 (ed.
932 4110 1017 4167 Frob.
1038 4110 1130 4185 1535)
1169 4112 1202 4166 12
1227 4110 1263 4164 ub
1286 4111 1356 4168 Ant.

319 4183 416 4248 Graecas
444 4193 526 4250 Asiae
557 4193 643 4249 nrbes
665 4192 789 4248 liberare
823 4194 869 4264 (Μ.
892 4194 947 4250 oid.
970 4211 1057 4267 supro
1075 4213 1105 4267 p.
1128 4193 1190 4263 IX)
1221 4188 1300 4258 LIX,
1338 4196 1354 4246 4

320 4272 379 4340 quali
398 4276 559 4333 Antiochus
582 4275 634 4346 (M)
656 4272 734 4344 LXI,
766 4278 781 4330 7
805 4293 915 4344 serere,
936 4275 966 4331 in
988 4294 1048 4332 occ.
1071 4276 1122 4349 (M)
1145 4274 1242 4349 (coqui
1260 4273 1357 4336 Creu.,·

261 4358 262 4365 ’
321 4353 650 4430 utu.‚1uak.colloqui)
674 4361 710 4414 10
726 4367 752 4413 et
769 4361 804 4414 14
817 4358 939 4414 Ariston
963 4357 1013 4432 (M)
1043 4361 1076 4414 13
1089 4361 1117 4414 iu
1139 4375 1203 4431 quae
1223 4356 1356 4430 frequen-
