3484 5025
538 548 615 596 Liber
628 547 754 597 xxxvl.
783 547 830 609 (A.
848 546 909 596 chr.
927 547 998 608 191.)
1244 556 1258 607 7

254 741 364 787 uturum
388 731 434 798 sit,
457 733 563 806 quique
585 752 635 789 eas
656 733 733 789 vires
755 732 868 801 afferat,
892 752 956 807 quoe
973 752 1031 788 non
1049 733 1176 789 accessio
1192 741 1302 789 tantum

254 834 461 892 dRomanum
492 856 555 895 esse
583 838 704 906 bellum,
731 839 781 893 sed
811 857 863 912 per
892 856 923 893 se
952 838 1021 911 ipsae
1048 856 1140 911 nuper
1164 837 1304 894 sustinere

254 940 383 996 otuerint
404 942 566 1001 Romanos.
613 944 680 1000 Hoc
709 960 764 1017 ego
792 943 928 999 adiuncto
957 942 1047 1011 (absit
1068 942 1159 998 verbo
1181 942 1332 1015 invidia)7
1425 1005 1428 1012 ,

254 1044 289 1116 {ni
329 1045 462 1101 dubitare
502 1048 538 1103 de
579 1059 681 1104 eventu
714 1048 838 1121 possim,
879 1065 985 1120 quum,
1022 1047 1125 1120 quibus
1164 1047 1304 1102 adversus

254 1149 405 1225 'hilippum
433 1151 576 1209 valuerint
605 1153 745 1220 Romani,
778 1152 813 1208 iis
845 1170 921 1208 nunc
952 1150 1015 1208 fore
1048 1151 1161 1207 videam
1191 1161 1222 1206 ut
1249 1151 1304 1225 ipsi

254 1254 460 1329 ppugnentur?
501 1258 606 1327 AEtoli,
624 1258 673 1331 qui
683 1257 861 1331 Philippum,
879 1256 957 1329 quod
975 1258 1049 1310 inter
1066 1273 1166 1312 omnes
1182 1255 1335 1324 constat,8

254 1357 377 1430 icerunt‚
389 1377 453 1416 cum
465 1359 601 1433 Philippo
611 1359 750 1418 adversus
757 1364 906 1420 Romanos
918 1360 1102 1435 pugnabunt3
1116 1360 1305 1435 Amynander
1317 1360 1334 1414 9

254 1447 324 1537 lque
339 1465 541 1521 Athamanum
558 1482 638 1539 gens,
656 1484 778 1540 quorum
795 1467 952 1523 secundum
969 1465 1088 1521 AEtolos
1107 1465 1233 1540 plurima
1250 1464 1305 1522 fuit

254 1583 327 1643 poro
343 1571 372 1626 in
392 1588 426 1627 eo
445 1569 531 1641 bello,
554 1572 703 1628 nobiscum
724 1573 850 1630 stabunt.
899 1569 1052 1645 Philippus
1074 1584 1132 1627 tum
1156 1580 1185 1627 te
1207 1571 1304 1644 quieto
1322 1573 1355 1626 10

254 1683 328 1733 otum
358 1677 463 1732 molem
494 1676 654 1733 sustinebat
682 1676 762 1745 belli;
789 1694 864 1732 nunc
890 1675 947 1731 duo
972 1676 1092 1734 maximi
1118 1694 1202 1751 reges
1224 1676 1304 1733 Asiae

254 1776 422 1857 lnropaeque
440 1780 550 1837 viribus
568 1781 707 1838 adversus
724 1801 811 1839 unum
829 1781 978 1857 populum,
996 1791 1026 1837 ut
1042 1801 1136 1838 meam
1151 1792 1305 1856 utramque

254 1896 384 1942 ortonam
398 1897 522 1955 taceam,
545 1896 661 1961 patrum
680 1898 756 1943 certe
774 1894 859 1943 aetate
875 1904 912 1942 ne
928 1886 977 1943 uni
990 1885 1105 1959 quidem
1117 1886 1304 1961 Epirotarum

254 1990 300 2065 egi
328 2010 428 2066 parem
466 1991 530 2065 (qui
562 1991 630 2065 quid
662 1991 778 2047 tandem
813 2003 876 2048 erat
904 1992 1054 2048 vobiscum
1084 1989 1305 2067 comparetusi)

254 2094 343 2153 arcus
358 2094 474 2152 bellum.
507 2096 580 2169 Quae
600 2096 689 2170 igitur
709 2117 756 2154 res
778 2097 847 2154 mihi
869 2096 1003 2154 fiduciam
1027 2098 1145 2172 prabet,
1169 2096 1304 2171 coniungi
1322 2103 1352 2155 11

254 2197 324 2255 obis
334 2200 502 2275 Philippum
520 2200 628 2276 posse?
660 2202 730 2260 Una
751 2203 912 2259 communis
933 2202 1051 2272 utilitas,
1075 2221 1138 2275 quae
1159 2201 1306 2258 societatis

254 2304 397 2361 culmum
413 2306 558 2363 vinculum
576 2316 628 2376 est,
646 2307 738 2363 altera
751 2318 885 2363 auctores
900 2326 953 2364 vos
971 2308 1074 2365 AEtoli.
1110 2308 1217 2363 Vester
1230 2306 1305 2362 enim
1322 2312 1357 2365 12

254 2418 350 2484 ugatm
368 2411 416 2467 hic
433 2413 535 2469 Thoas
556 2413 631 2470 inter
652 2422 758 2481 cetera,
783 2430 846 2485 quae
868 2414 907 2469 ad
919 2413 1088 2470 exciendum
1111 2413 1140 2467 in
1159 2410 1305 2469 Graeciam
1364 2451 1367 2455 -

254 2513 417 2574 lntiochum
434 2519 529 2575 dicere
545 2530 588 2574 est
602 2517 713 2587 solitus,
736 2528 803 2574 ante
826 2519 925 2607 omnia
940 2520 996 2576 hoc
1010 2537 1123 2593 semper
1140 2517 1306 2587 affirmavit,

254 2621 362 2678 femere
375 2604 552 2698 Philippum
564 2632 592 2679 ct
603 2641 679 2697 aegre
691 2623 762 2698 pati,
783 2623 836 2680 sub
856 2624 952 2697 specie
970 2624 1051 2699 pacis
1066 2624 1145 2698 leges
1160 2622 1305 2679 servitutis

254 2720 296 2783 ibi
321 2727 482 2803 impositas.
539 2727 593 2784 Ille
624 2728 739 2802 quidem
767 2727 837 2784 ferae
864 2729 964 2784 bestiae
991 2729 1095 2785 viuctae
1122 2737 1172 2785 aut
1200 2727 1305 2785 cleusae
1323 2734 1356 2788 13

254 2837 273 2884 ἢ
301 2832 460 2908 refringere
492 2833 620 2890 claustro
653 2831 779 2907 cupienti
811 2832 888 2906 regis
925 2833 999 2889 iram
1032 2834 1128 2890 verbis
1161 2833 1304 2907 aequabat.

254 2927 329 2994 hius
362 2939 387 2995 si
419 2939 486 2995 talis
520 2939 633 2995 animus
664 2950 725 3008 est,
762 2937 910 2994 solvamus
946 2956 1000 2995 nos
1034 2939 1094 2995 cius
1128 2938 1244 2995 vincula
1279 2946 1307 2992 ct

255 3034 365 3100 loustro
398 3041 608 3118 relringamnn,
648 3055 679 3099 ut
712 3061 861 3116 erumpere
900 3043 948 3099 diu
982 3043 1135 3101 coercitam
1167 3042 1240 3097 iram
1277 3039 1306 3095 in

254 3157 338 3205 {ostes
365 3167 542 3207 communes
560 3150 661 3225 possit.
715 3148 802 3221 Quod
828 3148 852 3203 si
880 3147 951 3204 nihil
979 3167 1044 3204 eum
1072 3147 1178 3221 legatio
1207 3154 1306 3202 nostra
1323 3157 1358 3209 14

254 3255 372 3325 noverit,
394 3266 425 3311 at
446 3273 509 3324 nos,
531 3255 667 3329 quoniam
691 3254 775 3309 nobis
798 3271 862 3308 eum
879 3253 1053 3327 coniungere
1074 3271 1132 3308 non
1144 3268 1307 3326 possumus,

254 3371 282 3416 le
304 3361 436 3418 hostibus
467 3359 574 3416 nostris
595 3359 643 3415 ifle
665 3359 801 3433 coniungi
822 3359 930 3433 possit,
959 3375 1124 3415 caveamus.
1170 3356 1307 3415 Seleucus
1323 3366 1358 3419 15

254 3457 315 3521 llius
341 3476 407 3533 tuus
431 3464 625 3540 Lysimachia
651 3474 709 3533 est3
740 3463 789 3537 qui
816 3464 841 3519 si
868 3482 903 3520 eo
931 3463 1073 3548 enemim,
1102 3481 1187 3536 quem
1210 3478 1306 3517 secum

254 3569 344 3638 ubet,
374 3588 428 3645 per
448 3570 607 3627 Thraciam
628 3569 764 3646 proxima
784 3569 965 3626 Macedoniae
988 3568 1106 3643 coeperit
1128 3565 1308 3641 depopulari,

254 3665 327 3731 'tc-ile
343 3675 382 3732 ob
400 3675 511 3732 auxilio
526 3675 646 3732 ferendo
662 3675 802 3733 Romanis
814 3673 983 3748 Philippum
1002 3674 1039 3729 ad
1056 3692 1109 3730 sua
1126 3670 1307 3747 potissimum

255 3773 349 3836 nendo
360 3789 482 3840 avertet.
519 3781 566 3837 De
578 3781 715 3856 Philippo
731 3799 826 3837 meam
837 3781 1008 3836 sententiam
1021 3781 1125 3847 habes;
1144 3778 1179 3834 de
1195 3776 1308 3833 ratione
1326 3784 1359 3839 16

254 3884 367 3942 universi
399 3885 468 3942 belli
502 3886 571 3959 quid
603 3887 756 3957 sentirem,
794 3886 852 3942 iam
885 3886 922 3941 ab
954 3883 1035 3940 initio
1068 3902 1127 3939 non
1158 3882 1307 3958 ignorasti.

254 3981 325 4063 Quod
346 3991 371 4047 si
394 4003 456 4048 tum
478 3991 593 4047 auditus
615 3991 717 4062 forem,
738 4011 796 4049 non
822 3992 851 4047 in
874 3991 987 4046 Euboea
1002 3987 1168 4047 Chalcidem
1192 3995 1308 4061 ceptam

254 4104 270 4150 tt
285 4096 434 4153 castellum
451 4096 556 4171 Euripi
573 4106 769 4172 expugnatum
781 4096 916 4166 Romani,
931 4097 982 4152 sed
994 4095 1141 4152 Etruriam
1155 4094 1309 4168 Ligurum·

254 4215 296 4275 pus
310 4210 339 4258 et
353 4199 462 4259 Galliae
473 4199 630 4277 Cisalpinae
651 4221 733 4258 oram
755 4202 832 4259 bello
854 4203 957 4267 ardere
979 4213 1016 4272 et,
1039 4202 1088 4275 qui
1110 4201 1253 4258 maximus
1274 4199 1309 4255 iis

254 4322 332 4366 trior
355 4318 415 4378 est,
444 4307 641 4365 Hannibalem
663 4308 693 4364 in
715 4309 801 4366 Italia
823 4326 886 4365 esse
908 4308 1056 4377 audirent3
1090 4326 1165 4365 nunc
1194 4324 1309 4381 quoquc
1325 4313 1359 4366 17
