3484 5025
599 529 678 580 muer
689 529 803 581 xxxv.
839 530 888 594 (Δ.
901 528 949 582 cu.
969 529 1042 593 rar.)
1252 531 1309 598 185,

272 709 369 770 ululis
385 712 533 770 memorie
545 730 605 770 non
619 713 723 770 animis
737 713 836 784 modo,
856 715 908 772 sed
924 732 1015 789 prope
1029 712 1121 770 oeulis
1132 714 1352 771 obversabatur.

272 815 428 876 Numidas
468 818 651 894 octingentos
687 817 779 876 ferme
813 818 925 892 equites
959 821 1034 877 inter
1069 818 1179 875 auxilia
1213 818 1381 878 habebatt

272 921 389 980 Eofflm
413 921 570 998 praefectus
590 923 703 982 consuli
723 925 893 1001 pollicetur,
913 942 946 982 se
967 934 1060 999 parte,
1080 932 1146 980 utra
1168 923 1263 994 vellet,
1285 942 1350 980 cum

272 1025 335 1086 anie
360 1038 550 1104 erupturum3
572 1037 684 1088 tantum
705 1029 748 1088 uti
769 1029 886 1099 diceret,
908 1039 974 1086 utra
995 1046 1064 1104 pars
1086 1027 1264 1102 frequentior
1280 1028 1352 1087 vicis

272 1141 371 1204 καις
405 1134 437 1192 ἰιι
463 1152 515 1193 eos
553 1151 585 1193 se
614 1134 753 1210 impetum
788 1134 932 1193 lecturum
978 1143 1007 1192 et
1044 1133 1115 1192 nihil
1147 1136 1227 1211 prius
1262 1136 1382 1209 quami

272 1237 432 1296 flammam
468 1238 552 1296 tectis
586 1240 771 1312 iniecturum,
813 1252 845 1298 ut
885 1241 910 1297 is
945 1259 1040 1316 pavor
1075 1250 1192 1312 cogeret
1227 1241 1351 1315 Ligures

273 1342 424 1402 excedere
438 1344 525 1415 saltu,
541 1362 625 1419 qaum
641 1347 817 1416 obsiderent,
831 1355 860 1403 ct
874 1346 1037 1403 discurrere
1051 1345 1090 1401 ad
1103 1363 1189 1419 opem
1201 1342 1349 1402 ferendam

273 1447 348 1508 uu.
397 1446 605 1508 collandatum
632 1470 698 1510 eum
720 1452 821 1510 consul
843 1470 897 1527 spe
918 1451 1101 1526 praemiorum
1127 1461 1239 1509 onerat.
1285 1452 1350 1508 Nu·
1364 1451 1386 1518 ti¹

273 1551 366 1610 mido
398 1572 492 1628 equos
523 1557 719 1615 conscendunt
750 1568 779 1614 et
811 1558 982 1632 obequitare
1011 1555 1184 1613 stationibus
1214 1556 1350 1626 hostium,

273 1658 427 1716 nemiuem
454 1659 643 1733 lacessentes,
670 1671 827 1738 coeperunt.
874 1662 956 1721 Nihil
989 1662 1083 1737 primo
1112 1662 1251 1737 adspectu
1280 1665 1381 1718 con-'l

274 1765 437 1840 temptins;
465 1768 533 1843 equi
560 1768 750 1843 hominesque
777 1767 888 1844 paululi
915 1775 944 1822 et
969 1766 1108 1841 graciles,
1138 1766 1293 1824 discinctus
1324 1776 1352 1823 et

274 1867 401 1930 hermis
428 1891 533 1947 eques,
564 1884 757 1949 preterquam
788 1873 867 1948 quod
893 1871 990 1944 iacula
1015 1890 1113 1929 secum
1139 1883 1254 1948 portat,
1284 1874 1384 1947 equi8

276 1975 345 2034 sine
374 1976 480 2050 frena,
517 1977 656 2037 deformis
689 1980 752 2054 ipse
786 1996 887 2037 oureus
918 1978 1013 2053 rigida
1039 1978 1152 2035 cervice
1181 1987 1210 2035 et
1234 1987 1376 2063 extento,

278 2080 379 2156 upite
405 2084 592 2142 currentium.
641 2085 729 2144 Hunc
755 2092 952 2160 contemptum
981 2083 1018 2140 de
1043 2082 1184 2140 industria
1212 2093 1352 2158 augentes

277 2181 344 2244 labi
373 2205 412 2246 ex
438 2189 521 2263 equis
547 2198 575 2248 et
602 2209 656 2266 per
681 2189 837 2247 ludibrium
864 2188 1031 2266 spectaculo
1057 2206 1130 2245 esse.
1176 2190 1280 2262 ltaque
1302 2189 1382 2262 qui9

278 2291 379 2368 primo
400 2293 503 2352 intenti
524 2296 687 2370 paratique,
708 2296 734 2354 si
754 2295 974 2365 lacesserentur,
995 2295 1025 2351 in
1041 2294 1213 2351 stationibus
1227 2293 1351 2364 fuerant,

280 2393 343 2456 ium
372 2398 499 2457 inermes
527 2401 719 2475 sedentesque
745 2419 815 2477 pare
837 2401 968 2460 unanima
989 2401 1170 2475 spectabant.
1217 2400 1353 2457 Numida
1370 2404 1404 2459 to

285 2501 473 2579 daquitare,
494 2505 560 2563 dein
580 2505 730 2583 refugere,
755 2507 807 2564 sed
829 2506 949 2582 propius
970 2506 1075 2564 saltum
1098 2505 1238 2582 paulatim
1261 2505 1353 2576 evehi,

285 2608 366 2671 'alut
387 2629 462 2686 quos
482 2612 658 2687 impotentes
679 2613 798 2689 regendi
819 2612 888 2687 equi
908 2613 1014 2669 invitos
1033 2610 1183 2680 efferrent;
1205 2622 1353 2686 postremo

286 2715 409 2775 arbutis
431 2717 594 2793 calcaribus
615 2718 690 2776 inter
712 2719 821 2775 medius
842 2719 982 2775 stationes
1004 2718 1130 2775 hostium
1158 2736 1294 2792 erupere,
1325 2722 1402 2777 etii

290 2816 323 2879 iu
335 2839 435 2897 agrum
450 2822 584 2881 latiorem
600 2823 692 2881 evecti
707 2824 805 2881 omnia
827 2824 993 2900 propinqua
1013 2824 1069 2880 vise
1090 2832 1167 2879 tecta
1188 2823 1352 2881 incendunt.

293 2920 431 2984 Proxima
451 2927 556 2986 deinde
577 2927 642 2985 vico
663 2926 791 2985 inferunt
811 2928 923 3003 ignem,
953 2928 1031 2987 ferro
1059 2929 1236 3000 flammaque
1257 2927 1356 2984 omnia

286 3040 465 3117 ‘pervertant
486 3033 599 3091 Fumus
610 3033 704 3108 primo
715 3045 895 3109 conspectus,
910 3033 1014 3091 deinde
1028 3033 1139 3091 clamor
1149 3031 1353 3107 trepidantium
1370 3037 1405 3094 12

295 3130 326 3191 in
337 3135 405 3195 vicis
419 3137 545 3208 auditus,
562 3148 710 3212 postremo
726 3138 853 3195 seniores
864 3139 1004 3212 puerique
1014 3137 1190 3211 refugientes
1200 3136 1352 3194 tumultum

298 3236 443 3305 'neustrie
464 3242 603 3301 fecerunt.
649 3243 754 3317 ltaque
775 3243 837 3301 sine
859 3244 994 3312 oonsilio,
1020 3242 1082 3299 siue
1103 3241 1225 3316 imperio
1247 3260 1301 3316 pro
1322 3258 1354 3296 se
1371 3248 1406 3305 13

303 3344 414 3422 quisque
433 3365 550 3407 currere
571 3348 609 3405 ad
630 3366 685 3406 sue
705 3349 841 3418 tutanda,
871 3357 1076 3422 momentoque
1097 3346 1235 3421 temporis
1258 3355 1355 3403 castra

303 3448 392 3509 relicta
417 3461 516 3525 erant,
547 3461 578 3511 et
603 3453 755 3511 obsidione
784 3453 923 3511 liberatus
951 3452 1067 3522 consul,
1096 3470 1154 3526 quo
1182 3450 1354 3518 intenderat,

307 3556 432 3627 mnenit.

377 3659 434 3719 Sed
462 3681 558 3738 neque
588 3662 654 3721 Boii
682 3681 778 3737 neque
801 3662 944 3736 Hispani,
976 3680 1042 3719 oum
1074 3660 1179 3736 quibus
1211 3680 1245 3719 eo
1278 3679 1354 3717 anno
1408 3651 1448 3723 12

309 3758 428 3824 baleam
456 3777 536 3841 erut,
572 3778 632 3827 tam
667 3767 776 3826 inimici
810 3766 961 3841 infestique
989 3777 1072 3825 erant
1100 3765 1240 3825 Romanis
1266 3783 1355 3840 quam

311 3866 458 3931 AEtolorum
489 3892 571 3949 gens.
632 3874 658 3932 Ii
690 3883 758 3950 post
788 3873 958 3948 deportatos
994 3892 1031 3930 ex
1064 3872 1180 3931 Graeeia
1212 3871 1385 3927 exercitus2

312 3970 389 4043 rho
420 3977 450 4034 in
480 3996 534 4054 spe
567 3978 700 4050 fuerant,
737 3988 765 4036 et
799 3978 977 4036 Antiochum
1013 3979 1041 4035 in
1074 3996 1198 4035 vacuam
1229 3977 1356 4048 Europae

315 4081 502 4147 wionem
529 4095 701 4155 venturum,
730 4102 782 4141 nec
803 4084 971 4158 Philippum
994 4092 1045 4140 aut
1066 4082 1173 4141 Nabim
1197 4081 1353 4155 quieturos.

316 4170 434 4243 Ulinihil
443 4205 565 4263 usquam
578 4187 689 4245 moveri
701 4188 843 4259 viderunt,
857 4188 1026 4262 agitandum
1042 4187 1151 4260 aliquid
1164 4186 1355 4243 miscendum·
1368 4188 1385 4243 3

318 4290 427 4363 Μῑῐί,
439 4310 475 4351 ue
488 4293 652 4352 ouuutando
663 4304 845 4353 senescerent
855 4293 986 4365 oonsilio,
1003 4293 1156 4353 concilium
1166 4293 1354 4368 Naupactum
