3484 5025
442 505 497 559 tot
700 496 937 548 ntuerxxxvnt.
955 495 1003 559 (A.
1015 511 1040 544 u.
1052 511 1073 545 ο.
1085 496 1162 559 sm.)

366 686 527 758 7Reponte
555 684 685 740 cumulus
712 694 795 741 terrae
827 683 954 740 eminens
982 683 1069 739 index
1098 682 1197 757 operis
1224 680 1360 755 oppidanis
1376 678 1422 747 tuit,

395 790 568 864 pavidique,
600 810 636 846 no
657 791 715 846 iam
738 790 864 846 subrutis
896 788 985 845 muris
1014 788 1094 844 fucta
1121 787 1172 843 via
1199 797 1273 843 esset
1297 785 1322 841 in
1341 785 1424 852 urben,

397 896 506 951 fossam
528 895 605 950 intra
627 914 740 951 murum
763 914 779 950 e
800 895 919 968 regione
941 894 1002 949 eius
1024 893 1136 967 operis,
1171 892 1252 966 quod
1279 890 1361 947 vineis
1378 909 1425 946 con·

365 1003 382 1059 8
395 1011 500 1057 tectum
517 1011 589 1071 erat,
604 1001 709 1057 ducere
724 1000 884 1057 instituunt.
929 998 1018 1056 Cuius
1034 998 1084 1055 ubi
1099 998 1137 1054 ad
1149 1007 1261 1053 tantam
1274 994 1428 1061 altitudinem

396 1117 512 1179 quantae
548 1122 611 1161 esse
643 1105 735 1161 solum
772 1105 899 1161 infimum
936 1104 1057 1160 cuniculi
1093 1114 1233 1179 poterat,.
1263 1081 1428 1176 pervenerunt,

386 1211 509 1266 ‘silentio
532 1209 628 1276 facto,
655 1208 784 1282 pluribus
806 1209 877 1265 locis
900 1228 970 1265 aure
992 1210 1122 1276 admota,
1142 1208 1270 1265 sonitum
1291 1204 1428 1261 fodientium

364 1318 563 1389 9captabunt.
622 1311 715 1384 Quem
741 1313 789 1370 ubi
811 1325 1000 1389 acceperunt,
1030 1316 1165 1388 aperiunt
1194 1322 1303 1369 rectam
1330 1311 1357 1366 in
1374 1309 1429 1366 cuui-

395 1420 489 1475 culum
513 1420 605 1485 viam;
627 1436 680 1473 nec
701 1417 756 1474 fuit
778 1421 877 1494 magni
896 1420 1007 1493 operis3
1036 1432 1184 1475 momento
1208 1418 1284 1474 euim
1307 1417 1342 1471 ad
1361 1415 1429 1481 hana

346 1534 380 1585 10
395 1542 536 1599 suspenso
562 1523 677 1579 fulturis
699 1526 736 1579 ab
761 1525 892 1581 hostibus
917 1544 1016 1595 muro,
1040 1506 1247 1597 pervenerunt.
1314 1521 1357 1578 lbi
1376 1539 1428 1576 con·

395 1630 489 1685 missis
505 1630 654 1704 operibus,
673 1647 759 1702 quum
774 1649 790 1684 e
805 1629 886 1685 fossa
908 1632 936 1686 in
960 1630 1122 1686 cuniculum
1146 1636 1264 1703 pateret
1284 1628 1343 1693 iter,
1363 1626 1429 1701 princ

394 1734 465 1808 ipsis
488 1734 685 1803 ferramentis,
715 1735 819 1808 quibus
841 1736 868 1790 in
893 1755 980 1810 opere
1002 1738 1046 1792 usi
1069 1749 1168 1803 erant,
1203 1734 1309 1790 deinde
1331 1731 1428 1788 celeriter

395 1840 498 1894 armati
521 1840 607 1894 etiam
630 1841 785 1896 subeuntes
807 1842 949 1898 occultam
973 1844 1026 1898 sub
1049 1852 1128 1897 terra
1150 1840 1304 1896 ediderunt
1324 1853 1426 1911 pugnarn.

396 1942 521 2016 Segnior
548 1943 651 2000 deinde
679 1965 714 2001 ea
736 1945 815 2001 facta
836 1958 894 2015 est,
926 1946 1188 2021 intersaepientibus
1210 1943 1381 2009 cuniculum,
1397 1937 1427 1995 uli

394 2049 515 2116 vellent,
546 2068 621 2104 nunc
644 2050 742 2106 ciliciis
764 2051 926 2125 praetentis,
952 2070 1028 2107 nunc
1059 2050 1172 2106 foribus
1201 2051 1308 2124 raptim
1330 2044 1426 2104 obiectis.

344 2159 375 2215 ll
394 2154 483 2210 Novo
505 2155 591 2211 etiam
615 2156 692 2212 haud
715 2158 813 2231 magni
839 2156 936 2230 operis
959 2156 1098 2212 adversus
1122 2173 1184 2224 eos,
1206 2156 1257 2228 qui
1279 2155 1308 2211 in
1329 2148 1426 2210 cuniculo

394 2271 486 2329 erant,
507 2260 672 2334 excogitata
694 2279 750 2320 res.
798 2261 918 2317 Dolium
941 2281 960 2317 a
980 2262 1071 2317 fundo
1094 2273 1264 2336 pertusum,
1287 2278 1342 2334 qua
1359 2253 1427 2313 tistult

395 2364 509 2419 modica
530 2364 617 2420 inseri
641 2382 757 2439 posset,
789 2378 817 2422 et
838 2368 962 2422 ferreum
986 2368 1110 2423 fistulam
1133 2365 1357 2441 operculumque
1381 2354 1426 2415 doli

394 2467 534 2539 farreum,
564 2482 592 2526 et
619 2471 712 2545 ipsum
737 2466 866 2547 pluribus
888 2472 959 2529 locis
982 2473 1180 2547 perforatum,
1207 2470 1345 2528 fecenunt.
1381 2465 1424 2522 flu

394 2574 471 2629 tenui
487 2574 585 2647 pluma
598 2577 772 2651 completum
786 2578 893 2634 dolium
912 2599 962 2634 ore
978 2580 1005 2634 in
1018 2578 1179 2635 cuniculum
1193 2595 1279 2633 verso
1291 2580 1424 2648 posuerunt.

345 2683 378 2737 12
395 2682 453 2735 Per
475 2681 601 2753 operculi
624 2682 769 2739 foramina
791 2684 945 2758 praelongae
965 2687 1071 2752 hostie,
1101 2702 1175 2756 quas
1206 2682 1315 2737 sarisas
1340 2684 1424 2739 vocant,

394 2785 431 2839 ad
453 2787 677 2841 summovendos
700 2787 797 2844 hostes
820 2790 992 2845 eminebant.
1067 2787 1228 2845 Scintillam
1260 2786 1348 2841 levem
1376 2776 1424 2852 ignit

392 2889 512 2944 inditam
536 2891 640 2964 plumae
668 2893 738 2948 folle
768 2893 865 2949 fabrili
895 2894 933 2949 ad
959 2906 1046 2968 caput
1076 2893 1179 2949 fistulae
1200 2891 1336 2966 imposito
1355 2883 1425 2943 flando

344 2995 596 3054 l3accenderunt.
664 2998 737 3053 lude
764 3017 822 3054 non
853 3000 946 3055 solum
978 3018 1084 3073 magna
1108 2998 1153 3053 vis
1175 2997 1263 3062 fumi,
1293 2995 1342 3051 sed
1361 2991 1427 3048 acrior

393 3101 479 3155 etiam
518 3100 596 3156 ioedo
627 3104 752 3174 quodam
781 3105 871 3160 odore
908 3124 944 3160 ex
973 3104 1077 3159 adusta
1105 3102 1206 3177 pluma
1245 3121 1332 3175 quum
1360 3111 1426 3155 totuut

393 3205 554 3262 cuniculum
578 3208 759 3281 complesset,
782 3210 834 3265 -vix
857 3209 963 3264 durare
985 3209 1137 3282 quisquam
1160 3207 1239 3262 intus
1262 3216 1379 3281 poterat.

297 3317 316 3384 8
477 3313 573 3384 Quum
596 3312 626 3366 in
648 3315 703 3369 hoc
725 3325 802 3370 statu
827 3316 864 3370 ad
888 3314 1076 3370 Ambraciam
1106 3331 1154 3368 res
1186 3325 1280 3382 esset,
1311 3306 1428 3386 legatio

392 3418 501 3474 AEtolis
525 3420 680 3474 Phaeneus
694 3428 721 3475 et
744 3420 913 3475 Damoteles
942 3437 1005 3474 curn
1030 3417 1127 3472 liberis
1150 3417 1314 3485 mandatis,
1342 3417 1428 3471 decretu

361 3525 494 3599 2gentis‚
518 3525 554 3579 ad
578 3522 722 3579 consulem
748 3535 896 3580 venerunt.
940 3525 1018 3580 Nam
1034 3535 1142 3597 praetor
1164 3541 1267 3578 eorum
1291 3540 1374 3594 quum
1391 3515 1428 3573 ulit

392 3641 476 3702 purte
508 3629 698 3685 Ambraciam
732 3629 895 3704 oppugnari
928 3642 1072 3698 cerneret,
1115 3627 1173 3683 alia
1205 3627 1341 3683 infestam
1371 3638 1428 3682 oran

392 3734 516 3789 navibus
554 3734 678 3789 hostium
718 3754 795 3803 esse,
835 3734 894 3790 ulia
931 3734 1143 3808 Amphilochos
1184 3732 1429 3807 Dolopiamque!

391 3839 601 3896 Macedonibus
624 3841 749 3908 vastari,
780 3859 832 3896 nec
853 3840 973 3896 AEtolos
996 3841 1034 3896 ad
1056 3840 1111 3894 tria
1134 3838 1221 3894 simul
1246 3840 1360 3914 diversa
1378 3831 1428 3893 belh

392 3955 577 3999 occursantes
610 3944 755 4012 sufficere,
788 3958 948 4003 convocato
982 3945 1117 4012 concilio,
1150 3945 1275 4001 AEtoliae
1306 3943 1427 4020 principes

362 4049 461 4121 3quid
485 4050 628 4123 agendum
652 4062 742 4119 esset,
767 4053 918 4110 consuluit.
967 4050 1103 4108 Omnium
1127 4038 1162 4105 eo
1185 4053 1335 4107 sentcntiae
1354 4051 1426 4105 decur-

391 4167 499 4221 rerunt,
522 4168 552 4210 ut
577 4173 645 4229 pax,
669 4156 693 4211 si
715 4168 822 4231 posset,
844 4155 943 4228 nequis,
966 4155 989 4210 si
1012 4155 1114 4222 minuti,
1138 4155 1298 4213 tolerandis
1314 4152 1426 4215 condicio·

359 4259 475 4318 tribus
497 4272 651 4333 peteretur.
699 4261 836 4317 Antiochi
854 4260 959 4316 fiducia
983 4259 1088 4315 bellum
1103 4273 1288 4335 susceptum3
1311 4256 1425 4319 Antiocho
