3484 5025
513 521 593 571 Liber
609 520 750 570 xxxvn.
788 522 833 585 (A.
853 519 915 572 chr.
937 521 1007 585 rsa.)
1212 525 1250 581 87

274 714 359 774 ctore3
381 713 409 761 et
431 697 499 780 post
520 704 581 760 dies
603 723 713 779 paucos
734 705 826 761 nuntii
848 705 918 762 certi
939 705 1097 779 litteraeque
1110 705 1294 780 imperatoris

274 826 356 865 *mam*
382 809 496 880 allatae,
530 828 603 883 quae.
623 829 682 866 non
710 820 820 866 tautum
849 810 987 885 gaudium
1017 811 1055 867 ab
1081 811 1189 867 recenti
1215 809 1324 868 m'etull

274 913 383 971 ulerunt
414 914 574 989 (desierant
601 916 676 971 enim
705 916 819 972 victum*
841 916 871 971 in
893 915 1006 971 AEtolia
1035 934 1124 988 repam
1147 896 1295 988 metuere),
1374 898 1377 903 ι

274 1038 313 1076 am
336 1039 355 1076 a
377 1030 476 1077 vetere
497 1019 592 1089 fama,
618 1019 697 1093 quod
718 1020 881 1076 ineuntibus
903 1020 933 1076 id
955 1019 1060 1077 bellum
1083 1020 1182 1093 gravis
1203 1021 1295 1077 hostis

277 1125 336 1182 suis
358 1126 483 1196 viribus,
506 1135 534 1182 et
556 1126 635 1200 quod
657 1125 851 1181 Hannibalern
873 1134 1013 1182 rectorem
1036 1124 1144 1181 militiae
1166 1126 1295 1197 haberet,

274 1249 305 1287 us
326 1230 432 1290 fuerat.
484 1231 566 1287 Nihil
589 1241 685 1287 tamen
708 1242 759 1286 aut
780 1230 816 1286 de
838 1230 956 1286 consule
978 1229 1117 1286 mittendo
1139 1230 1168 1286 in
1191 1230 1294 1287 Asiam
1311 1236 1346 1289 10

276 1335 394 1393 tandum
423 1346 476 1392 aut
497 1337 667 1393 minuendas
696 1336 756 1392 eius
785 1334 885 1409 copies
913 1345 1098 1403 censuerunt,
1131 1346 1225 1405 metu,
1258 1354 1295 1391 ne

274 1461 292 1497 n
312 1440 409 1499 Gallis
430 1440 508 1498 foret
529 1441 703 1498 bellandum.

307 1547 397 1623 Haud
422 1548 511 1604 multo
533 1559 599 1622 post
623 1547 663 1601 M.
678 1544 815 1602 Aurelius
838 1541 935 1612 Cotta,
957 1543 1070 1617 legatus
1092 1544 1127 1599 L.
1140 1543 1294 1617 Scipionis,
1349 1534 1390 1603 52

274 1669 291 1707 n
308 1652 448 1709 Antiochi
470 1652 548 1726 regis
569 1650 682 1724 legatis,
706 1660 735 1704 et
756 1650 901 1705 Eumenes
912 1667 975 1705 vren
990 1648 1154 1722 Rhodiique
1170 1645 1295 1707 Romam

274 1758 396 1817 terunt(
423 1748 517 1814 Cotta·
535 1758 564 1813 in
587 1766 689 1812 senatu
711 1754 853 1828 primum,
883 1752 986 1809 deinde
1009 1754 1039 1809 in
1061 1754 1195 1810 contione
1216 1754 1327 1812 iussu2

274 1869 351 1930 trum,
376 1879 441 1935 quae
463 1869 528 1916 acta
551 1860 579 1915 in
602 1849 677 1915 Asia
700 1871 810 1925 essent,
835 1858 979 1932 exposuit.
1028 1857 1207 1936 Supplicatio
1230 1861 1297 1918 inde

276 1964 395 2021 triduum
415 1966 532 2021 decreta
552 1974 604 2033 est,
626 1974 655 2020 et
677 1964 871 2037 quadraginta
893 1964 1017 2019 maiores
1036 1964 1138 2021 hostiae
1153 1966 1297 2023 immolari

274 2084 320 2131 aar.
371 2071 450 2126 Tum
474 2069 601 2125 omnium
625 2069 749 2142 primum
771 2068 894 2126 Eumeni
921 2054 1038 2123 senatus
1060 2070 1145 2126 datus
1167 2081 1217 2126 est.
1265 2073 1326 2130 1⁸3

275 2190 315 2231 um
336 2175 464 2232 breviter
486 2183 515 2230 et
536 2174 642 2247 egisset
659 2175 770 2247 gratias
786 2160 927 2249 patribus,
950 2174 1027 2247 quod
1045 2174 1195 2230 obsidione
1212 2193 1244 2231 se
1261 2181 1302 2232 ac'

274 2285 344 2335 tuem
363 2280 539 2335 exemissent
558 2297 738 2353 regnumque
757 2280 795 2335 ab
811 2278 923 2335 iniuriis
940 2279 1078 2336 Antiochi
1093 2279 1296 2351 vindicassent,

283 2385 438 2455 gratulatus
461 2393 546 2453 esset,
570 2385 648 2457 quod
670 2396 748 2440 terra
769 2382 902 2457 marique
916 2404 962 2441 res
982 2403 1119 2459 prospere
1130 2385 1296 2458 gessissent,

274 2487 361 2565 udque
377 2507 477 2564 regem
492 2489 671 2546 Antiochum
690 2489 786 2547 fusum
806 2487 997 2565 fugatumque
1015 2500 1043 2547 et
1058 2500 1175 2547 exutum
1192 2489 1325 2552 castris4

274 2585 305 2648 ius
329 2596 470 2670 Europa,
502 2606 569 2670 post
594 2604 623 2651 et
643 2596 734 2664 Asia,
764 2614 828 2669 quae
856 2596 897 2651 cis
921 2596 1052 2652 Taurum
1083 2605 1209 2652 montem
1242 2603 1294 2666 est,

274 2700 418 2770 tulissent,
460 2717 514 2756 sua
546 2700 649 2756 deinde
678 2701 782 2757 merita
811 2701 897 2756 malle
925 2719 975 2757 eos
1006 2721 1042 2758 ex
1070 2702 1325 2776 imperatoribnsb

274 2817 287 2855 ⁸
324 2806 489 2881 legatisque
527 2823 614 2878 quam
655 2823 686 2860 se
721 2818 967 2863 commemorante
1002 2825 1176 2881 cognoscere
1210 2806 1292 2865 dixit.

274 2922 295 2963 tc
345 2909 579 2986 approbantibus
629 2910 738 2965 cunctis
786 2911 1008 2986 iubentibusque
1053 2913 1148 2969 dicere
1190 2913 1326 2987 ipsum,6

274 3007 331 3072 lesa
372 3016 403 3071 in
442 3015 473 3071 id
506 3015 696 3085 verecundia,
736 3015 805 3088 quid
845 3017 899 3072 sibi
929 3018 966 3072 ab
995 3027 1096 3073 senatu
1130 3017 1296 3092 populoque

274 3132 359 3177 nano
381 3119 469 3176 tribui
492 3139 607 3193 aequum
630 3132 773 3188 censeret3
799 3122 971 3196 propensius
999 3123 1242 3196 cumulatiusque,
1272 3132 1296 3188 si

274 3242 278 3267 ⁸
305 3226 416 3301 possit,
440 3236 529 3300 prout
548 3225 609 3281 eius
634 3226 736 3282 merita
758 3227 828 3294 sint,
857 3236 988 3282 senatum
1012 3225 1172 3294 facturum,
1200 3226 1238 3281 ad
1261 3231 1324 3284 ea'l

274 3332 334 3393 ,si
356 3333 394 3386 ab
416 3331 482 3386 aliis
504 3329 560 3386 sibi
581 3331 764 3405 praemiorum
788 3331 867 3405 optio
886 3330 1054 3399 deferretur,
1073 3330 1204 3401 libenter,
1226 3332 1296 3388 data

274 3431 314 3493 lo
323 3435 465 3493 facultate
476 3437 644 3492 consulendi
656 3447 787 3492 senatum
801 3438 975 3506 Romanum,
995 3435 1114 3492 consilio
1126 3436 1297 3511 amplissimi

274 3535 336 3599 inis
362 3561 482 3598 usurum
510 3541 615 3612 fuisse,
645 3562 681 3599 nc
711 3543 780 3616 quid
808 3551 858 3597 eut
886 3541 1076 3597 immoderate
1105 3541 1218 3616 cupisse
1246 3551 1296 3598 aut

274 3641 333 3705 isse
359 3655 463 3722 parum
493 3648 624 3704 modeste
650 3647 742 3703 videri
765 3656 877 3721 posset;
905 3666 1005 3703 verum
1034 3646 1180 3702 enimvero
1207 3649 1326 3720 quum8

289 3754 389 3811 daturi
399 3754 467 3822 sint,
487 3752 577 3809 mu'lto
592 3753 686 3827 magis
699 3753 920 3811 munificentiam
935 3771 1032 3809 eorum
1047 3753 1076 3808 in
1091 3771 1122 3808 se
1133 3751 1297 3827 fratresque

274 3871 297 3910 8
315 3860 443 3940 ipsorum
462 3859 574 3915 arbitrii
594 3841 699 3915 debere
712 3877 783 3914 esse.
823 3857 905 3914 Nihil
917 3859 971 3913 hac
984 3857 1115 3913 oratione
1127 3857 1187 3913 eius
1198 3868 1295 3932 patres
1309 3861 1326 3917 9

275 3967 382 4042 scripti
404 3965 534 4022 deterriti
556 3975 643 4034 sunt,
663 3983 721 4037 quo
746 3962 838 4019 minus
861 3963 956 4018 dicere
977 3961 1071 4036 ipsum
1093 3961 1238 4032 iuberent,
1268 3973 1303 4036 et,

274 4081 319 4126 tm
330 4071 507 4146 aliquamdiu
518 4071 585 4127 hino
593 4070 779 4143 indulgentia,
787 4069 853 4125 hinc
862 4068 1092 4136 modestia,inter
1099 4069 1296 4143 permittentes

274 4171 373 4245 dcem,
389 4195 447 4232 nou
463 4175 557 4250 magis
573 4187 673 4232 mutua
689 4194 776 4249 quam
791 4174 987 4250 inexplicabili
1003 4174 1141 4231 facilitate
1156 4184 1295 4232 certatum

274 4286 322 4350 ἐι,
348 4281 492 4339 Eumenes
513 4281 622 4356 templo
644 4281 775 4340 excessit.
827 4279 952 4338 Senatus
979 4281 1009 4337 in
1037 4279 1138 4338 eadem
1166 4291 1297 4356 perstare
1312 4283 1348 4340 tc
