3484 5025
532 533 535 540 ·
613 519 690 568 Liber
706 518 819 568 XXXII.
856 518 904 581 (A.
918 518 966 571 cn.
985 519 1056 581 tes.)
1285 526 1318 579 il

293 699 391 757 Setino
406 718 494 776 agro,
516 702 620 760 deinde
641 703 718 759 circa
732 702 866 759 Norbam
889 713 917 758 et
930 700 1059 759 Circeios
1084 701 1203 759 servitia
1227 702 1363 759 sollicita-

292 814 362 871 rent,
384 806 460 863 satis
480 806 540 863 iam
562 806 696 863 omnibus
718 807 898 881 praeparatis,
919 807 1005 875 ludis,
1027 806 1174 881 quISetiae
1196 808 1363 882 propediem

292 908 380 966 futuri
403 920 500 983 erant,
521 912 688 986 spectaculo
710 911 849 969 intantum
871 912 1010 986 populum
1041 912 1162 987 aggredi
1190 921 1364 982 statuerant3

293 1013 373 1072 Setia
393 1025 449 1090 per
469 1002 588 1074 caedem·
606 1026 636 1074 et
658 1018 837 1091 repentinum
874 1017 1025 1074 tumultum
1059 1026 1154 1091 capta,
1176 1018 1308 1075 Norbam
1336 1026 1394 1079 et8

294 1117 423 1177 Circeios
435 1139 582 1197 occupare
592 1124 647 1159 ἥ*
661 1122 788 1180 servitia.
814 1122 909 1179 Huius
921 1122 963 1178 rei
978 1131 1038 1178 tam
1056 1120 1140 1178 soedoe
1150 1122 1286 1179 indicium
1300 1124 1363 1180 Ro·

294 1242 370 1281 mam
382 1227 422 1283 ad
437 1228 474 1283 L.
487 1226 654 1285 Cornelium
672 1210 825 1284 Lentulum
842 1237 994 1302 praetorem
1009 1227 1151 1282 urbanum
1167 1226 1293 1283 delatum
1310 1238 1361 1285 est.

296 1330 378 1388 Servi
393 1332 455 1389 duo
472 1342 540 1389 ante
554 1332 647 1389 lucem
665 1333 703 1388 ad
718 1350 782 1389 eom
795 1341 936 1388 venerunt
951 1340 1039 1405 atque
1054 1331 1155 1388 ordine
1170 1332 1277 1401 omnia,
1299 1352 1363 1408 quae
1376 1342 1393 1396 9
1476 1372 1489 1400 μ

291 1445 358 1498 acta
372 1436 532 1511 futuraque
544 1447 636 1507 erant,
658 1447 861 1512 exposuerunt.
895 1436 1007 1508 Quibus
1023 1437 1101 1492 domi
1117 1437 1254 1494 custodiri
1268 1439 1362 1509 iussis,
1379 1448 1413 1501 10

299 1552 416 1617 praetor,
439 1552 542 1599 senatu
567 1551 674 1600 vocato
697 1542 873 1615 edoctoque‚
903 1560 967 1615 quae
989 1541 1097 1599 indices
1121 1539 1273 1612 afferrent,
1294 1564 1362 1619 pro·

301 1648 387 1705 ficisci
408 1648 448 1705 ad
472 1666 537 1705 eam
560 1647 787 1705 coniurationem
811 1646 995 1721 quaerendam
1027 1656 1116 1721 atque
1142 1648 1361 1723 opprimendam

302 1752 400 1824 iussus,
425 1772 491 1811 cnm
514 1752 641 1827 quinque
662 1752 765 1827 legatis
789 1749 937 1825 profectus
959 1752 1062 1809 obvios
1094 1753 1123 1809 in
1156 1754 1233 1829 agris
1263 1771 1360 1812 sacre·
1377 1762 1409 1816 tt

305 1868 394 1915 monto
425 1868 546 1933 rogatos
570 1877 654 1915 arma
675 1876 780 1932 capere
806 1867 835 1914 et
861 1856 944 1932 sequi
976 1858 1107 1931 cogebat.
1158 1859 1226 1917 Hoc
1254 1860 1361 1918 tumul·
1377 1866 1412 1921 12

307 1965 391 2021 tuario
416 1964 522 2021 dileotu
544 1963 658 2020 duobus
680 1962 806 2021 millibus
820 1962 912 2018 ferme
926 1962 1075 2019 hominum
1099 1964 1229 2034 armatis,
1252 1964 1361 2022 Setiam

309 2069 439 2139 omnibus,
461 2087 519 2143 quo
541 2077 683 2143 pergeret,
704 2068 813 2144 ignaris
842 2068 929 2124 venit.
982 2069 1027 2125 lbi
1056 2069 1163 2143 raptim
1185 2068 1362 2145 principibus
1379 2078 1412 2133 13

311 2173 503 2231 coniurationis
518 2173 742 2248 comprehensis,
764 2172 835 2247 fuga
857 2190 1009 2228 servorum
1030 2188 1067 2229 ex
1089 2173 1197 2248 oppido
1213 2173 1293 2231 facta
1307 2184 1359 2233 est.

313 2276 431 2335 Dimissis
456 2277 560 2335 deinde
583 2298 635 2353 per
656 2296 753 2353 agros,
782 2277 831 2351 qui
849 2276 1027 2351 vestigarent
1047 2278 1112 2338 ***.
1163 2280 1294 2355 Egregia
1308 2280 1360 2336 du·
1377 2289 1412 2342 14

269 2433 270 2465 3
315 2397 379 2438 orum
406 2401 499 2457 opera
527 2400 677 2439 servorum
710 2382 835 2439 indicum
864 2393 893 2438 et
921 2382 1005 2438 unius
1026 2382 1110 2438 liberi
1131 2382 1192 2441 fuit.
1236 2385 1273 2441 Ei
1295 2403 1360 2441 cen-

269 2493 272 2561 j·
316 2497 360 2544 ton
387 2489 477 2546 millia
506 2489 605 2564 gravis
633 2489 698 2546 aeris
726 2486 790 2544 dari
822 2496 920 2562 patres
947 2487 1106 2559 iusserunt,
1139 2490 1231 2546 servis
1259 2490 1360 2547 vicena

269 2580 291 2653 ff'
315 2593 385 2666 quina
408 2596 499 2652 millia
522 2595 586 2652 aeris
608 2604 637 2651 et
658 2594 832 2663 libertatem3
861 2593 984 2668 pretium
1007 2612 1105 2650 eorum
1130 2613 1167 2650 ex
1188 2594 1290 2650 aerario
1313 2612 1359 2651 so-

269 2738 274 2809 >
315 2696 387 2755 lutum
409 2710 453 2756 est
475 2700 609 2758 dominis.
652 2699 742 2757 Haud
764 2700 807 2755 ita
820 2698 911 2756 multo
933 2708 1000 2773 post
1022 2718 1059 2755 ex
1081 2699 1209 2756 eiusdem
1224 2698 1359 2756 coniura·
1376 2710 1410 2764 15

269 2810 275 2881 ξ
316 2803 384 2861 tonis
416 2804 546 2879 reliquiis
576 2805 739 2862 nuntiatum
768 2814 812 2860 est
845 2804 964 2860 servitia
997 2807 1144 2862 Praeneste
1173 2813 1359 2878 occupatura.

317 2907 351 2965 llo
368 2911 399 2967 u.
420 2909 573 2968 Cornelios
594 2919 702 2986 praetor
723 2909 871 2985 profectus
903 2909 938 2965 de
963 2909 1126 2982 quingentis
1154 2909 1215 2967 fere
1236 2909 1410 2976 homini-16

318 3012 371 3085 bus,
393 3015 492 3090 quiin
515 3035 550 3072 ea
571 3033 652 3070 noxa
681 3025 780 3083 erant,
809 3014 981 3089 supplicium
1010 3014 1142 3089 sumpsit..
1193 3016 1228 3071 In
1256 3015 1359 3071 timore

317 3118 399 3178 civitas
419 3121 483 3191 fuit,
507 3121 623 3180 obsides
645 3120 835 3195 captivosque
856 3119 1014 3180 Poenorum
1038 3138 1074 3176 ea
1096 3120 1200 3178 moliri.
1254 3120 1359 3192 Itaque
1377 3134 1409 3187 ιγ

318 3227 445 3286 ttRomoe
478 3227 584 3302 vigilite
610 3245 663 3300 per
692 3225 773 3281 vicos
806 3219 945 3280 servatae.
976 3222 1105 3297 iussique
1131 3224 1282 3282 circumire
1309 3242 1358 3280 eas

318 3330 419 3390 minores
439 3333 643 3408 magistratus,
676 3340 705 3386 et
725 3329 868 3386 triumviri
891 3327 1014 3384 carceris
1036 3328 1240 3385 lautumiarum
1263 3328 1358 3384 inten-

317 3434 397 3496 tiorem
423 3438 584 3496 custodiam
615 3436 723 3492 habere
749 3434 836 3504 iussi,
872 3443 901 3489 et
929 3433 1006 3490 circa
1037 3453 1143 3490 nomen
1172 3434 1308 3490 Latinum
1340 3452 1358 3488 a
1374 3445 1409 3500 18

318 3553 418 3611 pretore
439 3546 541 3602 littera
563 3542 672 3610 missae,
705 3549 737 3595 nt
763 3548 792 3596 et
814 3538 929 3595 obsides
962 3539 992 3594 in
1027 3539 1141 3614 privato
1174 3548 1359 3595 servarentur

317 3650 439 3721 usquein
461 3649 607 3725 publicum
630 3643 794 3721 prodeundi
820 3642 945 3699 facultas
967 3643 1103 3714 daretur,
1135 3655 1164 3701 et
1188 3644 1296 3720 captivi
1323 3662 1358 3699 ne

318 3749 390 3810 minus
410 3755 508 3811 decem
533 3753 631 3829 pondo
653 3749 842 3825 compedibus
864 3749 953 3805 vincti
974 3749 1004 3804 in
1030 3750 1111 3806 nulla
1140 3750 1197 3807 alia
1220 3768 1307 3824 quam
1329 3748 1358 3804 in

317 3861 418 3916 arcera
440 3859 549 3935 publici
570 3856 703 3914 custodia
724 3867 828 3914 essent.

379 3965 490 4022 Eodem
513 3983 591 4021 anno
615 3963 704 4038 legati
726 3965 763 4019 ab
787 3981 856 4036 rege
879 3962 982 4019 Attalo
1005 3979 1143 4018 coronam
1165 3980 1283 4018 auream
1306 3961 1357 4016 du·
1409 3958 1453 4026 2¹¹1

317 4078 409 4127 cattum
431 4071 627 4145 quadraginta
649 4087 701 4125 sex
722 4069 821 4143 pondo
842 4069 872 4124 in
887 4066 1033 4144 Capitolio
1055 4076 1213 4142 posuerunt
1234 4066 1357 4141 gratias·

316 4186 358 4243 (tte
380 4177 491 4234 senatui
519 4195 617 4250 egere,
659 4174 738 4249 quod
765 4173 929 4231 Antiochus
968 4171 1131 4246 legatorum
1159 4175 1357 4230 Romanorum

315 4281 466 4338 auctoritate
490 4291 586 4338 motus
607 4281 712 4338 finibus
735 4281 830 4338 Attali
852 4278 1009 4336 exercitum
1034 4278 1208 4336 deduxisset.
