3484 5025
472 489 529 568 tss'
740 506 818 558 atter
832 504 959 566 xxxrx.
978 505 1025 566 (s.
1036 518 1062 554 u.
1073 517 1096 553 e.
1109 502 1185 565 ero.)

427 691 619 763 Casandrum,
641 712 694 769 per
716 711 789 767 quos
812 704 879 750 acta
901 709 949 748 res
970 691 1129 759 diceretur,
1156 688 1287 745 mitteret
1307 689 1435 755 Romam,
1452 697 1477 743 ut

270 852 272 855 .
336 818 347 835 ·
387 803 411 857 ·'t
426 816 477 855 eos
509 808 627 855 senatus
656 797 822 873 percontari
850 805 958 871 posset.
1001 796 1102 853 Primo
1136 795 1212 851 adeo
1247 792 1424 869 perturbavit
1449 810 1476 848 ea

425 922 484 960 vox
509 921 625 976 regem,
660 914 770 959 utnon
794 902 890 972 color,
922 921 979 959 non
1009 902 1106 959 vultus
1136 901 1165 957 ei
1186 909 1351 967 constaret3
1382 897 1476 967 deinde,

424 1008 545 1064 collecto
569 1009 683 1064 tandem
708 1009 815 1077 animo,
848 1007 1046 1078 Casandrum,
1077 1007 1126 1081 qui
1150 1006 1304 1062 Maronea
1329 1001 1433 1071 fuisset,
1456 1002 1476 1057 si

330 1189 337 1200 .
358 1137 362 1145 ·
394 1113 523 1187 8utique
544 1113 660 1182 vellent,
681 1132 713 1170 se
735 1114 889 1169 missurum
910 1112 998 1180 dixit;
1020 1112 1057 1168 ad
1070 1110 1268 1169 Onomastum
1291 1108 1405 1181 quidem
1422 1106 1475 1181 quid

425 1237 488 1274 eam
511 1238 572 1275 rem
595 1219 756 1293 pertinere,
789 1191 850 1292 qui·
866 1236 925 1274 non
948 1218 1036 1274 modo
1059 1219 1227 1284 Maroneae,
1262 1216 1315 1271 sed
1339 1232 1376 1269 ne
1397 1213 1424 1269 in
1441 1231 1475 1268 re·

393 1325 509 1398 9gione
532 1324 646 1397 quidem
680 1326 846 1401 propinqua
873 1322 993 1380 fuisset?
1036 1323 1076 1379 Et
1109 1323 1256 1397 parcebat
1288 1320 1382 1393 magis
1411 1318 1474 1376 Ono

424 1440 528 1498 masto,
550 1428 731 1485 honoratiori
752 1428 857 1495 amico,
879 1437 908 1485 et
930 1428 1051 1485 eundem
1073 1427 1197 1484 indicem
1214 1427 1301 1505 haud
1322 1426 1407 1503 paulo
1425 1425 1474 1500 plus

424 1535 559 1604 timebat,
578 1535 661 1609 ¹quia
683 1543 712 1589 et
732 1533 796 1607 ipse
817 1551 980 1589 sermonem
1003 1533 1165 1590 contulerat
1190 1552 1259 1589 eum
1283 1552 1319 1590 eo
1342 1542 1372 1589 et
1392 1523 1474 1588 multo·

375 1649 486 1704 torum
509 1640 609 1697 talium
633 1640 795 1696 ministrum
829 1651 858 1695 et
889 1634 1036 1695 conscium
1059 1636 1196 1697 habebat.
1246 1638 1400 1695 Casander
1418 1655 1472 1711 quo

334 1815 339 1820 ⁶
424 1764 494 1820 que,
527 1746 637 1813 missis,
670 1745 720 1819 qui
741 1763 793 1820 per
814 1744 936 1819 Epirum
966 1745 1004 1800 ad
1031 1763 1112 1801 mare
1141 1754 1393 1819 prosequerentur
1415 1761 1471 1810 eun,
1508 1807 1510 1818 Ι

329 1852 369 1921 35
423 1869 460 1907 ne
482 1870 540 1923 qua
561 1851 698 1907 indicium
721 1861 888 1920 emanaret,
920 1868 1032 1907 veneno
1055 1849 1182 1907 creditur
1203 1838 1352 1908 sublatus,
1392 1848 1427 1905 Et
1441 1846 1470 1901 le·

423 1937 485 2030 gati
507 1974 525 2011 a
546 1956 675 2031 Philippi
699 1955 845 2029 colloquio
868 1957 909 2012 ita
931 1956 1053 2031 digressi
1074 1967 1150 2024 sunt,
1183 1965 1217 2012 ut
1239 1973 1303 2031 prae
1325 1972 1358 2011 se
1377 1952 1470 2018 ferrent

308 2124 311 2130 ,
392 2062 495 2122 anihil
517 2080 616 2118 eorum
642 2060 697 2117 sibi
719 2061 844 2134 plaeere,
866 2072 895 2117 et
916 2063 1069 2137 Philippus
1094 2060 1223 2131 minime,
1257 2061 1330 2134 quin
1352 2052 1469 2117 rebellas

424 2168 492 2225 dum
514 2177 599 2237 esset,
621 2166 735 2224 dubius.
779 2166 856 2239 Quia
879 2178 975 2223 tamen
997 2167 1159 2223 immaturae
1181 2165 1222 2221 ad
1245 2166 1276 2222 id
1300 2166 1378 2222 vires
1400 2172 1469 2230 aaut,

424 2275 461 2331 ad
484 2293 596 2331 moram
618 2272 857 2347 interponendam
875 2272 1067 2341 Demetrium,
1088 2272 1232 2327 minorem
1258 2270 1364 2342 filium,
1382 2271 1470 2327 mittere

422 2382 547 2439 Romam
581 2380 666 2437 simul
698 2378 735 2435 ad
763 2378 916 2453 purganda
938 2378 1073 2448 crimina,
1106 2377 1192 2434 simul
1216 2377 1257 2433 ad
1279 2375 1469 2453 deprecandam

360 2487 495 2549 .3iram
529 2498 646 2543 senatus
680 2485 794 2555 statuit,
827 2485 898 2541 satis
925 2485 1062 2556 credens,
1093 2484 1188 2559 ipsum
1227 2485 1319 2540 etiam
1352 2484 1470 2548 iuvenem,

410 2574 501 2665 'quod
523 2562 625 2649 R'omae
653 2593 738 2648 obses
771 2592 917 2664 specimen
949 2591 1054 2664 indolis
1086 2591 1173 2664 regia
1206 2591 1356 2662 dedisset,
1384 2585 1470 2662 aliquid

393 2698 560 2754 lmomenti
592 2697 746 2754 facturum.
808 2697 927 2754 interim
964 2717 1016 2772 per
1048 2697 1174 2770 speciem
1207 2697 1313 2753 auxilii
1347 2694 1470 2773 Byzamh

423 2801 548 2871 ferendi,
580 2823 612 2859 re
643 2804 708 2875 ipsa
740 2802 778 2857 ad
810 2812 950 2859 terrorem
982 2803 1089 2876 regulis
1121 2803 1273 2859 Thracum
1310 2802 1469 2860 iniicieudun
1508 2788 1510 2870 ξ

424 2907 586 2980 proiectus,
620 2908 759 2988 perculsis
789 2909 823 2964 iis
855 2927 912 2964 uno
939 2908 1040 2982 proelio
1069 2918 1097 2964 et
1119 2910 1278 2966 Amadoco
1303 2910 1377 2967 duce
1396 2917 1470 2982 capto,
1508 2904 1510 2924 ²

424 3012 453 3065 in
477 3013 679 3069 Macedoniam
703 3014 804 3079 rediit,
839 3015 932 3070 missis
955 3014 991 3069 ad
1020 3015 1135 3070 accolas
1157 3016 1254 3071 Histri
1275 3017 1403 3073 fluminis
1421 3016 1470 3070 bar·
1508 3053 1510 3073 .

425 3119 522 3185 barae,
546 3131 577 3174 ut
602 3120 632 3175 in
656 3120 772 3176 ltaliam
795 3120 996 3193 irrumperent,
1019 3119 1227 3178 sollicitandos.
1507 3090 1510 3221 Ι

394 3228 412 3280 b
507 3223 547 3279 Et
568 3224 598 3279 in
620 3225 822 3298 Peloponneso
845 3225 986 3280 adventus
1007 3223 1170 3297 legatorum
1190 3229 1409 3295 Romanorum,
1436 3222 1470 3298 qui

410 3345 461 3383 *ex
482 3328 659 3385 Macedonia
681 3331 710 3385 in
733 3310 878 3386 Achaiam
900 3331 943 3385 ire
964 3330 1034 3385 iussi
1056 3339 1148 3400 erant,
1171 3334 1412 3405 exspectabatur3
1434 3329 1470 3385 ad·

424 3452 525 3490 versus
548 3453 621 3507 quos
643 3446 675 3490 ut
696 3447 862 3509 praeparata
884 3435 1004 3491 consilia
1026 3437 1181 3506 haberent,
1212 3438 1361 3512 Lycortas
1387 3445 1472 3511 prator
1508 3406 1510 3485 i

394 3540 578 3608 doopcilium
601 3540 714 3600 indixit.
759 3542 804 3597 lbi
825 3543 861 3598 de
884 3542 1112 3599 Lacedaemoniis
1134 3552 1242 3601 aetum.
1292 3544 1342 3600 Ex
1363 3541 1472 3599 hostibus
1508 3602 1510 3607 y

424 3664 478 3712 eos,
497 3657 681 3703 accusatores
700 3646 809 3716 factos,
842 3658 871 3703 et
893 3645 1052 3720 periculum
1074 3663 1153 3714 esse,
1188 3666 1226 3704 ne
1249 3649 1321 3706 victi
1345 3648 1432 3722 magis
1447 3644 1472 3700 ti·
1507 3661 1510 3737 p

424 3750 520 3806 mendi
541 3749 646 3821 forent,
668 3771 754 3826 quam
779 3748 919 3808 bellantes
941 3751 1074 3812 fuissent,
1096 3752 1234 3827 ,Quippe
1255 3755 1286 3810 in
1310 3756 1386 3813 bello
1407 3750 1473 3810 sociis

424 3856 565 3914 Romanis
591 3858 715 3915 Achaeos
738 3876 821 3927 usos;
853 3876 930 3915 nunc
952 3858 1076 3914 eosdem'
1091 3858 1243 3915 Romanos
1269 3862 1412 3934 aequiores
1432 3859 1473 3914 Lt-

356 4036 359 4043 Ι
395 3963 608 4020 'tcedaemoniis
633 3981 720 4036 quam
744 3964 860 4020 Achaeis
882 3964 1025 4031 esse,.ubi
1041 3966 1137 4021 Areus
1160 3965 1248 4020 etiarn
1274 3975 1304 4021 et
1316 3963 1473 4025 Alcibiade

424 4071 511 4126 ambo
534 4069 648 4126 exsules
677 4087 734 4125 suo
766 4069 906 4126 beneficio
927 4069 1061 4137 restituti,
1092 4068 1268 4142 legationem
1293 4071 1417 4127 Romam
1437 4065 1473 4123 ad·

356 4153 358 4157 ,
423 4194 524 4232 versus
546 4185 659 4249 gentem
684 4176 859 4231 Achaeorum
889 4176 931 4232 ita
962 4173 998 4232 de
1030 4173 1100 4249 ipsis
1133 4173 1268 4230 meritam
1293 4176 1474 4251 suscepissent

355 4335 361 4346 ,
425 4260 559 4354 adeoque
572 4281 679 4336 infesta
694 4281 827 4337 oratioue
842 4281 886 4337 usi
901 4290 1005 4349 essent,
1027 4292 1060 4337 ut
1077 4280 1153 4356 pulsi
1168 4281 1276 4356 patria,
1301 4302 1362 4340 non
1375 4274 1474 4339 restituti

254 4374 362 4474 Α..
