3484 5025
465 554 521 609 ¹52
716 551 794 600 Liber
811 550 938 600 xxm.
973 550 1019 614 (A.
1033 565 1057 599 ιι.
1070 564 1093 603 c.
1107 548 1182 611 559.)

419 734 448 790 iu
463 752 622 809 paucorum
638 751 724 789 manu
741 751 801 789 rem
818 733 963 807 publicam
980 750 1043 790 esse
1057 730 1159 799 voluit,
1182 748 1269 804 quem
1287 746 1343 787 vos
1356 735 1476 786 senatun

419 837 582 912 appellatis,
604 855 657 894 nec
672 837 812 893 excellere
827 856 915 894 unum
938 846 989 895 aut
1011 837 1133 894 alterum
1154 833 1288 892 ordinem
1310 833 1341 890 in
1363 830 1477 902 civim,

419 942 470 998 sed
500 960 552 1016 per
580 942 771 1014 aequationem
800 940 923 999 fortunae
951 960 986 999 ac
1019 939 1167 1014 dignitatis
1193 936 1259 995 fore
1290 937 1427 1008 credidit,
1451 943 1477 994 ul

371 1047 407 1103 19
421 1044 502 1101 multi
524 1052 633 1115 essent,
659 1046 709 1120 qui
730 1065 813 1103 arma
836 1065 891 1121 pro
912 1045 1008 1120 patria
1029 1044 1148 1103 fument.
1197 1041 1338 1100 Pluribus
1362 1060 1408 1100 mc
1426 1057 1477 1116 ιμι

422 1149 514 1223 egisse
537 1166 624 1222 quam
651 1168 704 1223 pro
727 1150 824 1224 patria
845 1150 986 1206 sermonis
1007 1148 1149 1205 brevitate
1170 1145 1285 1218 fateor,
1313 1155 1345 1204 et
1364 1145 1478 1204 brevit!

421 1260 588 1325 peroratum
617 1271 680 1310 esse
706 1254 815 1329 potuit,
843 1253 914 1310 nihil
936 1272 997 1324 me,
1027 1261 1183 1328 postquam
1204 1248 1360 1308 vobiscum
1381 1247 1479 1308 instita

420 1355 586 1425 amicitiam,
609 1374 661 1412 cur
681 1357 743 1413 eius
764 1375 818 1413 vos
840 1358 998 1433 paeniteret,
1020 1356 1228 1418 commisisse.“

325 1456 371 1524 32
504 1458 554 1515 Ad
574 1460 637 1516 haec
657 1460 817 1535 imperator
838 1463 1003 1519 Romanus:
1028 1459 1186 1531 „Amicitia
1209 1469 1237 1516 et
1258 1457 1387 1515 societas
1406 1455 1478 1514 uub'·

420 1563 499 1619 nulla
518 1572 622 1633 tecum,
644 1565 696 1620 sed
718 1582 782 1621 cum
806 1565 926 1641 Pelope,
953 1584 1022 1640 rege
1045 1562 1335 1622 Lacedaemoniorum
1357 1560 1433 1618 iuste
1449 1575 1479 1618 es

390 1668 559 1741 2legitimo,
581 1667 661 1724 fecta
682 1678 734 1738 est,
765 1670 846 1725 cuius
869 1670 914 1725 ius
936 1669 1052 1745 tyranni
1078 1685 1208 1743 quoque,
1237 1665 1288 1741 qui
1310 1675 1416 1742 postea
1435 1683 1480 1742 pc

420 1772 479 1827 vim
508 1779 661 1827 tenuerunt
688 1772 899 1830 Lacedaemone
925 1773 1092 1848 imperium,
1125 1772 1195 1847 quia
1222 1788 1278 1828 nos
1306 1771 1388 1830 bella
1414 1785 1479 1828 m

420 1875 548 1945 Punica,
578 1894 654 1932 nuuc
676 1876 807 1947 Gallica,
834 1895 911 1933 nnnc
933 1876 992 1932 alia
1015 1894 1052 1932 ex
1074 1878 1138 1934 aliis
1160 1885 1390 1952 occupaverant,
1408 1891 1479 1932 un*

391 1982 540 2053 Spernat,
570 1980 644 2036 sicut
673 1990 703 2037 tu
732 1999 848 2055 quoque
876 1983 932 2037 hoc
954 1980 1146 2038 Macedonico
1167 1980 1244 2037 bello
1266 1978 1371 2038 fecisti
1410 1979 1479 2037 Nn

422 2083 491 2157 quid
520 2085 613 2141 miuus
642 2086 809 2142 conveniret
839 2103 926 2159 quem
957 2100 1022 2153 eos,
1053 2084 1102 2158 qui
1131 2102 1185 2159 pro
1211 2065 1349 2142 libertate
1370 2081 1479 2142 Gn&

422 2188 562 2244 adversus
584 2188 752 2264 Philippum
775 2205 942 2264 gereremus
963 2187 1080 2259 bellum,
1104 2206 1168 2245 cum
1194 2197 1322 2262 tyranno
1344 2187 1489 2246 institam·

422 2291 599 2349 amicitiam?
631 2303 659 2348 et
681 2301 815 2368 tyranno,
838 2293 1038 2366 quiunquam
1060 2292 1123 2363 fuit,
1145 2292 1308 2349 sevissimo
1330 2301 1362 2350 et
1380 2291 1479 2349 nialu-

391 2394 531 2451 ttissimo
566 2397 595 2450 in
626 2414 703 2455 suos.
761 2397 856 2453 Nobis
888 2415 974 2464 vero,
1012 2397 1125 2454 etiamsi
1148 2400 1248 2471 Argos
1281 2414 1338 2454 nec
1368 2396 1478 2472 capim

421 2519 473 2574 per
493 2498 626 2557 fraudem
649 2521 702 2558 nec
723 2511 850 2572 teneres,
879 2501 1068 2559 liberantibus
1091 2520 1205 2558 omnem
1228 2499 1378 2559 Graeciam
1398 2501 1477 2587 Luce·

422 2604 535 2660 daemon
564 2621 680 2678 quoque
708 2605 883 2662 vindicanda
907 2607 937 2662 in
960 2607 1108 2680 antiquam
1130 2607 1294 2663 libertatem
1318 2616 1384 2663 erat
1404 2616 1491 2681 aqu.

422 2708 451 2763 in
481 2708 559 2782 leges
587 2725 670 2777 suas,
700 2726 822 2781 querum
846 2711 934 2766 modo
955 2718 1094 2784 tanquam
1117 2710 1237 2767 aemulus
1260 2711 1393 2785 Lycurgi
1411 2726 1476 2767 mn·

393 2811 529 2869 5tionem
551 2812 655 2869 fecisti.
701 2815 760 2882 Au,
784 2823 814 2869 ut
836 2816 874 2870 ab
896 2815 965 2871 Iaso
989 2824 1017 2870 et
1035 2815 1181 2890 Bargyliis
1203 2814 1342 2889 praesidia
1362 2810 1474 2889 Philipp’

421 2917 614 2986 deducentur,
644 2934 719 2972 curse
749 2917 802 2974 erit
829 2919 926 2986 uobis;
955 2921 1054 2994 Argos
1082 2927 1110 2973 et
1132 2918 1391 2991 Lacedaemonem,
1415 2918 1474 2977 du

422 3021 597 3077 clarissimas
620 3021 720 3090 urbes,
749 3020 860 3078 lumina
883 3022 1029 3096 quondam
1053 3021 1189 3091 Graeciae,
1212 3024 1267 3080 sub
1289 3025 1412 3098 pedibus
1429 3020 1476 3081 ίὺ

420 3124 629 3198 relinquemus,
666 3143 730 3197 quoe
763 3126 877 3183 titulum
909 3127 993 3183 nobis
1025 3128 1154 3184 liberatae
1176 3109 1300 3184 Graeciae
1334 3128 1477 3186 maim

391 3227 407 3281 6
422 3228 604 3286 deforment?
619 3232 662 3288 At
677 3231 752 3286 enirn
768 3249 832 3286 cum
845 3231 983 3305 Philippo
996 3230 1100 3305 Argivi
1115 3239 1275 3291 senserunt.
1304 3229 1478 3290 Remittun-

421 3333 477 3389 hoc
492 3334 553 3404 tibi,
568 3353 604 3390 ue
618 3343 747 3390 nostram
764 3334 856 3389 vicem
873 3334 1018 3396 irascaris.
1049 3334 1128 3393 Satis
1143 3346 1325 3410 compertum
1340 3337 1480 3401 habam

422 3437 545 3493 duorum
561 3445 612 3493 eut
626 3455 770 3494 summum
786 3437 873 3493 trium
888 3437 917 3493 in
937 3456 972 3494 ea
986 3457 1027 3507 re,
1049 3456 1108 3494 non
1130 3439 1256 3496 civitatis
1279 3440 1395 3515 culpam
1414 3454 1482 3503 u.

393 3540 481 3597 ltam
494 3541 619 3608 hercule,
641 3559 729 3614 quem
752 3542 782 3597 iu
809 3550 838 3597 te
859 3551 968 3614 tuoque
989 3540 1124 3615 praesidio
1148 3543 1324 3600 accersendo
1347 3542 1482 3619 accipin·

391 3643 518 3717 8doque
539 3644 568 3699 in
591 3662 687 3700 arcem
715 3644 786 3700 nihil
806 3662 869 3700 esse
891 3644 1007 3719 publico
1030 3647 1150 3702 consilio
1173 3657 1280 3704 actum.
1328 3630 1482 3705 Theman·

421 3756 450 3803 et
470 3749 637 3804 Phocenses
667 3756 695 3803 et
717 3749 879 3805 Locrenses
908 3767 1048 3805 consensu
1079 3750 1208 3806 omnium
1229 3751 1339 3808 scimus
1362 3748 1480 3826 puriu-

420 3851 549 3926 Philippi
578 3851 680 3919 fuisse;
712 3859 809 3908 tamen
834 3871 898 3908 cum
927 3861 1024 3909 cetera
1046 3853 1234 3910 liberavimus
1257 3854 1388 3923 Groecia;
1415 3840 1479 3927 qffl

420 3955 536 4011 taudem
564 3973 664 4013 censes
691 3956 721 4012 iu
744 3956 882 4031 Argivis,
912 3957 962 4031 qui
989 3957 1117 4014 insontes
1144 3958 1254 4032 publici
1281 3958 1393 4016 consilii
1417 3952 1477 4015 ι’*

389 4058 570 4115 9facturos?
608 4059 765 4117 Servorum
802 4061 840 4116 ad
877 4060 1038 4116 libertatem
1071 4068 1243 4117 vocatorum
1277 4071 1306 4119 et
1338 4058 1471 4138 ogenh'b'

421 4163 586 4220 hominibus
608 4165 671 4238 agri
695 4164 779 4220 divisi
802 4164 923 4221 crimina
945 4164 999 4220 tibi
1020 4163 1105 4221 obiici
1129 4163 1262 4234 dicebas,
1289 4183 1349 4222 non
1369 4142 1465 4240 quib

421 4284 473 4323 uec
502 4268 566 4342 ipsa
595 4267 769 4336 mediocria,
797 4268 849 4325 sed
880 4269 949 4343 quid
981 4268 1038 4325 ista
1066 4276 1133 4325 sunt
1162 4287 1222 4343 pre
1250 4267 1301 4338 iis,
1329 4286 1392 4343 que
1407 4268 1459 4323 ab
