3484 5025
482 547 500 601 6
743 537 958 589 Liberxxxvl.
1003 538 1052 598 (Δ.
1063 551 1089 585 u.
1100 552 1122 586 c.
1133 536 1210 599 5⁶8.)

441 725 557 783 Delium
581 725 691 798 impetu
711 722 740 779 in
764 721 929 797 praesidium
948 722 1113 778 Romanum
1136 718 1217 776 facto
1239 729 1269 776 ct
1286 719 1323 775 ad
1339 717 1460 776 Chalciden
1501 725 1506 734 '

410 830 626 889 lcommiserat
656 846 709 884 nec
742 827 841 901 parvis
873 844 926 883 uec
957 824 1052 881 dubiis
1080 824 1232 899 principiis
1261 823 1376 891 bellum,
1399 831 1462 878 tana
1508 831 1510 836 '

441 936 562 992 eandem
592 933 753 991 orationem
785 941 825 988 eat
852 948 990 999 exorsus,
1024 947 1082 1004 qua
1113 929 1143 985 in
1172 928 1318 1003 colloquio
1348 924 1462 1003 priuati

441 1036 608 1095 Chalcidem
633 1056 749 1112 quaque
770 1056 823 1112 par
843 1037 956 1110 legatos
975 1036 1005 1090 in
1027 1033 1149 1092 concilio
1161 1035 1337 1092 hessorum
1350 1039 1466 1098 mutua

443 1153 475 1199 ut
487 1142 643 1198 amicitiam
656 1160 753 1199 secum
765 1142 884 1211 institui,
898 1159 956 1197 non
970 1139 1076 1197 bellum
1088 1138 1179 1195 indici·
1188 1138 1330 1197 Romanis
1341 1135 1463 1213 pamm

412 1257 428 1309 5
443 1248 606 1316 Neminem,
623 1247 692 1321 quid
709 1257 854 1322 ageretur,
868 1244 1006 1315 fallebat3
1027 1244 1174 1302 decretum
1187 1253 1285 1300 tamen
1305 1244 1358 1301 sub
1370 1242 1467 1300 huie
1502 1313 1510 1318 ..

443 1353 547 1409 borum
571 1351 714 1427 praetextu
735 1372 788 1428 pro
810 1369 879 1426 rege
900 1351 1040 1408 adversus
1062 1351 1214 1408 Romanos
1236 1346 1344 1406 factum
1364 1357 1408 1406 est.
1506 1399 1510 1406 .

411 1466 429 1521 6
528 1458 595 1513 Hac
608 1475 725 1531 quoque
737 1467 823 1532 gente
834 1456 981 1524 adiuncta,
996 1452 1164 1511 Chalcidem
1180 1471 1339 1528 regressus,
1357 1450 1468 1529 pranis&

443 1563 510 1619 inde
532 1562 644 1633 litteris,
666 1574 699 1619 ut
720 1560 937 1619 Demetriadem
958 1558 1144 1617 convenirent
1168 1558 1315 1634 principes
1335 1556 1468 1622 AEtolum
1501 1627 1505 1632 Ι

443 1684 509 1723 cum
533 1667 636 1741 quibus
659 1667 695 1723 de
716 1685 830 1723 summa
851 1683 948 1722 rerum
970 1663 1152 1735 deliberaret,
1174 1664 1304 1722 navibus
1322 1681 1357 1719 so
1376 1662 1407 1719 ad
1420 1658 1468 1716 dits

412 1774 427 1825 7
441 1771 580 1828 indictum
597 1773 719 1829 concilio
733 1772 820 1830 venit⁴
849 1772 889 1827 Et
900 1768 1100 1844 Amynander,
1113 1769 1225 1827 accitus
1239 1769 1278 1825 ad
1292 1763 1467 1826 cumcunl·

442 1896 480 1934 ex
502 1878 700 1946 Athamania,
730 1886 759 1933 ct
780 1875 930 1932 Hannibal
952 1875 1076 1945 Poenus,
1107 1875 1167 1931 iam
1198 1874 1248 1931 diu
1277 1892 1335 1930 non
1356 1867 1468 1934 adhibi*

412 1981 573 2039 diuterfuit
593 1983 620 2039 ei
642 1981 771 2039 consilio,
835 1978 1038 2037 Consultatum
1061 1981 1097 2037 de
1118 1979 1330 2038 Thessalorum
1351 1987 1423 2052 gente
1437 1983 1468 2040 ts,
1507 2047 1510 2054 ¹

444 2105 567 2161 quorum
590 2087 741 2155 omnibus,
770 2086 820 2160 qui
850 2086 987 2155 aderant,
1019 2085 1155 2145 voluntas
1183 2084 1325 2141 tentanda
1350 2080 1466 2139 videbatur

412 2193 478 2248 9111
510 2211 545 2250 eo
579 2193 666 2249 modo
700 2192 822 2248 diversae
853 2190 1000 2248 sententiae
1033 2200 1129 2259 erant,
1169 2189 1250 2264 quod
1283 2187 1333 2245 alii
1364 2195 1439 2245 exten

443 2296 598 2370 agendum,
614 2296 663 2352 alii
680 2315 718 2352 ex
728 2296 832 2366 hieme,
856 2314 920 2369 quae
935 2305 995 2351 tum
1010 2294 1102 2352 ferme
1117 2294 1214 2366 media
1228 2304 1302 2365 erat,
1324 2289 1468 2350 differat·

395 2407 430 2459 10
443 2402 472 2458 in
504 2401 581 2457 veris
612 2399 800 2476 principium,
833 2411 862 2456 et
892 2400 941 2457 alii
969 2401 1080 2476 legatos
1113 2399 1317 2455 tantummodo
1348 2398 1394 2454 mit

445 2505 494 2562 alii
517 2524 581 2562 cum
605 2505 738 2562 omnibus
760 2505 851 2581 copiis
874 2507 998 2576 eundum
1021 2506 1179 2564 censebant
1200 2504 1468 2578 terrendosquenss

347 2607 366 2676 7
444 2611 469 2666 si
484 2621 694 2668 cunctarentur.
727 2610 822 2683 Quum
837 2611 915 2668 circa
925 2614 1000 2668 hanc
1012 2612 1072 2669 fere
1087 2611 1329 2670 consultationem
1341 2597 1469 2678 discepttlb

444 2716 537 2771 omnis
552 2725 721 2786 verteretur,
739 2716 890 2773 Hannibal
905 2718 1074 2775 nominatim
1086 2717 1282 2791 interrogatus
1295 2703 1468 2771 sententiani·

443 2819 570 2876 universi
593 2819 659 2876 belli
681 2821 887 2895 cogitationem
909 2840 1007 2896 regem
1025 2816 1117 2896 atque
1139 2840 1206 2891 eos,
1229 2821 1279 2896 qui
1303 2804 1468 2883 adarmattl

412 2924 575 2981 loratione
592 2925 710 2981 avertite
736 2925 797 2996 „Si,
819 2946 856 2982 ex
880 2946 937 3000 quo
960 2927 1124 2984 traiecimus
1142 2928 1172 2983 in
1185 2927 1342 2995 Graeciam,
1365 2917 1470 2979 adbibit!

443 3047 535 3085 essem
558 3029 587 3084 in
610 3031 770 3102 consilium,
793 3050 881 3105 quum
900 3033 936 3088 de
950 3033 1073 3100 Euboea,
1095 3033 1131 3088 de
1149 3032 1266 3089 Achaeis
1284 3031 1376 3104 deque
1451 3018 1457 3031 ⁴

444 3135 596 3208 agebatur,
618 3136 739 3192 eandem
762 3137 933 3193 sententiam
957 3136 1103 3206 dixissem,
1126 3155 1214 3210 quam
1237 3137 1340 3205 hodie,
1361 3122 1469 3209 quum&

413 3242 429 3295 3
444 3240 595 3297 Thessalis
617 3242 722 3315 agitur,
744 3241 848 3298 dicam.
889 3244 969 3298 Ante
987 3241 1085 3297 omnia
1103 3242 1271 3316 Philippum
1289 3253 1319 3297 et
1333 3235 1469 3297 Macedon!

443 3345 472 3401 in
495 3346 662 3403 societatem
686 3346 753 3403 balb
776 3365 949 3421 quacunque
972 3346 1084 3402 ratione
1106 3364 1209 3403 censeo
1231 3344 1409 3403 deducendos
1425 3350 1470 3395 est·

412 3452 521 3507 lNam
550 3453 628 3525 quod
656 3451 692 3507 ad
715 3452 859 3508 Euboeem
883 3453 1061 3524 Boeotosque
1088 3459 1116 3506 et
1138 3449 1299 3506 Thessalos
1321 3450 1426 3514 attinet,

443 3557 563 3613 dubium
583 3567 635 3624 ast,
660 3557 728 3630 quin
751 3556 795 3632 (ut
817 3557 921 3631 quibus
943 3556 1029 3612 nullae
1052 3573 1111 3611 suae
1133 3554 1209 3610 vires
1230 3554 1298 3624 siut,
1323 3549 1437 3630 praesen'

444 3661 590 3718 adulando
609 3680 732 3736 semper,
756 3682 841 3737 quem
864 3672 971 3718 metum
993 3661 1022 3717 in
1045 3660 1164 3716 consilio
1186 3661 1325 3732 babeant,
1349 3642 1470 3717 eodeni

412 3766 654 3841 5impetrandam
677 3767 791 3824 veniam
815 3767 962 3843 utantur),
992 3766 1078 3823 simul
1107 3785 1141 3822 ao
1164 3767 1331 3823 Romanum
1352 3759 1470 3823 exercitu!

443 3871 472 3927 in
495 3858 611 3929 Gracia
634 3872 771 3943 viderint,
804 3873 841 3929 ad
860 3881 1027 3930 consuetum
1050 3854 1202 3946 imperibm
1222 3889 1255 3927 se
1277 3878 1417 3937 avertant,

444 3976 479 4032 iis
503 3977 598 4033 noxiae
626 3978 753 4034 futurum
781 3979 832 4048 sit,
861 3979 955 4052 quod,
982 3995 1070 4051 quum
1093 3978 1219 4034 Romani
1243 3974 1473 4052 procelerare*

444 4081 503 4136 vim
547 4092 626 4137 tuam
670 4084 819 4159 praesentis
862 4083 1063 4156 exercitusque
1106 4084 1147 4139 tui
1185 4083 1311 4158 experiri
1346 4064 1474 4138 noluerint?

411 4185 561 4258 dQuanto
584 4187 671 4261 igitur
692 4188 772 4262 prius
794 4189 948 4263 potiusque
970 4199 1013 4244 ast
1034 4189 1202 4264 Philippum
1231 4190 1315 4246 nobis
1337 4186 1430 4246 couiuu

443 4311 530 4366 quam
554 4292 630 4349 hos?
660 4295 720 4363 cui,
748 4294 772 4350 si
794 4294 885 4351 semel
905 4294 934 4350 in
956 4312 1073 4352 causam
1096 4296 1290 4365 descenderit,
1314 4293 1382 4350 nibil
1401 4274 1477 4358 naui
