3484 5025
881 535 948 587 m

384 721 460 797 qnod
475 742 508 779 ne
523 725 697 798 pemittabat
713 725 821 799 quidem
838 725 917 780 inias
932 726 1021 780 atatis
1038 743 1112 794 risus,
1129 733 1160 780 nt
1170 726 1333 781 nominativo
1343 742 1445 796 perun·

384 806 442 862 dini
460 808 676 881 impersonaliter
687 810 775 881 positi
787 810 972 863 accusativum
988 826 1019 863 se
1033 807 1156 876 adderet,
1172 817 1197 863 et
1211 807 1310 863 Livius
1331 806 1380 875 VI,
1396 807 1445 873 35,

385 890 417 945 2:
440 889 645 963 accingendum
661 890 776 946 adeam
793 889 998 964 cogitationem
1020 890 1106 963 esse.)
1133 892 1167 947 16
1181 892 1308 959 dextras,
1330 907 1367 945 ne
1390 889 1445 961 (ed.

385 971 512 1045 Asseris.)
540 968 677 1042 XXXVI,
709 974 726 1029 9
751 982 793 1029 est
821 973 957 1047 templum
980 991 1084 1029 aereum
1108 973 1159 1046 (Β)
1182 969 1329 1042 XXXVII,
1351 973 1369 1028 2
1392 973 1446 1028 ha·

385 1054 479 1111 banda
503 1055 540 1111 ab
563 1055 745 1112 Alexameno
768 1056 807 1129 (Β
821 1074 889 1111 reos.
938 1055 982 1110 De
997 1056 1033 1110 M
1045 1074 1097 1111 non
1119 1056 1244 1127 constat.)
1269 1058 1285 1111 3
1310 1054 1347 1111 ad
1370 1055 1445 1111 idern

384 1135 459 1193 forte
480 1137 538 1210 (M)
562 1141 577 1193 7
602 1139 703 1194 Thoas
725 1148 754 1194 et
775 1139 913 1195 ducentos
936 1138 1017 1210 (Lus.
1041 1139 1061 1193 2
1083 1146 1108 1193 et
1129 1139 1165 1202 6,·
1187 1141 1269 1194 aeteri
1294 1146 1323 1193 et
1344 1138 1445 1194 Thoas

385 1220 467 1284 duo.,·
485 1221 627 1294 particula
649 1239 681 1275 en
702 1230 714 1276 t
734 1230 796 1276 orta
817 1221 877 1293 est.)
898 1217 1063 1290 XXXVIII,
1089 1222 1106 1277 8
1129 1221 1166 1277 ad
1187 1239 1219 1277 sa
1240 1238 1369 1295 oppugn.
1394 1238 1445 1275 va·

384 1303 478 1359 nirent
499 1302 557 1375 (M)
583 1299 722 1372 XXXIX,
745 1309 761 1361 5
785 1305 953 1378 Magnetum
982 1303 1074 1359 omnia
1097 1298 1146 1379 (Β)
1169 1300 1172 1381 (
1196 1304 1310 1359 venisse
1330 1321 1362 1359 se
1386 1303 1446 1375 (M)

384 1381 449 1454 XL,
473 1388 489 1443 6
507 1385 615 1459 duplex
637 1385 725 1459 equiti
747 1385 805 1461 (M)
830 1391 844 1443 7
863 1387 904 1459 (in
926 1395 989 1441 unte
1009 1386 1134 1442 triduum
1156 1387 1284 1442 usitatius
1304 1387 1445 1459 afuturum

382 1470 467 1533 fnisse
488 1466 598 1542 Siesbye
619 1469 766 1540 admonet.)
779 1466 856 1538 XLI,
895 1474 902 1525 1
930 1469 1022 1543 magis
1044 1468 1125 1525 lama
1146 1469 1182 1525 de
1204 1468 1342 1525 Antiochi
1371 1467 1444 1525 bello

384 1550 443 1622 (M)
475 1550 573 1607 {iiam
607 1569 670 1607 asse
702 1552 777 1624 (Mp.
809 1552 874 1607 Em.
908 1551 979 1626 414)
1020 1555 1036 1607 6
1070 1569 1134 1608 sors
1166 1552 1243 1621 duae,
1276 1552 1445 1624 urbanaque

385 1632 458 1707 (My.
481 1632 545 1690 Em.
573 1634 591 1692 l.
614 1633 649 1709 o.)
690 1633 809 1691 810vis
837 1633 889 1709 (Μ
906 1631 988 1708 reae.)
1026 1637 1061 1691 10
1091 1635 1131 1707 (Β
1153 1652 1220 1693 reso.
1242 1634 1344 1709 positae
1366 1638 1396 1690 et
1416 1632 1444 1689 in

383 1714 491 1775 cella..
519 1715 645 1772 aediculae
667 1726 696 1772 et
710 1717 876 1787 duodecim3
898 1717 983 1775 Frob.
1009 1717 1089 1773 1635
1111 1717 1212 1791 positae
1233 1716 1262 1772 in
1284 1735 1313 1775 o.
1327 1761 1334 1777 .
1350 1716 1443 1775 ,adia

384 1806 412 1853 et
434 1797 599 1868 duodecim3
632 1800 733 1858 emend.
756 1799 883 1873 Kreyss.)
916 1797 1009 1868 XLII,
1034 1802 1050 1856 3
1076 1800 1132 1873 (C).
1153 1800 1389 1872 1164141101.)
1427 1800 1443 1855 8

383 1889 483 1955 posset
504 1881 566 1953 (Μ)
590 1886 621 1937 11
638 1879 747 1957 [prope]
770 1882 822 1954 (Μ
825 1889 837 1937 t
852 1885 933 1939 soteri
941 1892 1046 1957 prater
1061 1883 1109 1954 B.)
1138 1885 1173 1939 13
1186 1882 1352 1939 Hannibale
1374 1882 1445 1938 duee

383 1962 435 2035 (B)
463 1960 570 2034 XLIII,
608 1969 616 2020 1
646 1966 779 2021 virtutem
809 1975 837 2021 et
866 1967 972 2022 bonum
1002 1964 1108 2039 (Creo.)
1144 1970 1161 2022 4
1184 1965 1310 2022 collectis
1331 1965 1361 2021 in
1386 1964 1444 2021 alto

384 2063 448 2119 quae
470 2044 578 2121 (interp.
622 2047 656 2102 In
680 2049 736 2103 atto
757 2066 910 2104 rennuens
931 2049 1047 2120 collegit,
1064 2057 1176 2122 portum
1197 2067 1250 2103 non
1271 2045 1401 2122 intrans.)
1426 2048 1443 2103 9

382 2128 463 2203 vulgi
485 2129 664 2203 significatur
688 2130 749 2201 (Μ)
779 2128 886 2199 XLIV,
922 2135 929 2186 1
960 2128 1157 2205 [Introductus]
1180 2131 1235 2203 (Μ.
1257 2129 1286 2185 Β
1306 2130 1347 2201 in)
1374 2127 1377 2208 (
1401 2130 1443 2186 di·

382 2228 447 2267 cere
468 2230 551 2268 orsus
573 2231 625 2269 rex
648 2211 710 2289 (Μ)
733 2210 831 2282 XLVI,
855 2216 871 2269 3
897 2213 946 2287 qui
974 2214 1160 2271 Demetriade
1183 2213 1283 2288 (suot.
1310 2211 1402 2287 1535)
1427 2216 1443 2267 6

382 2293 538 2351 liberanda
558 2314 590 2355 re
612 2296 674 2367 (M)
720 2300 735 2352 7
767 2297 856 2369 (tutas
876 2296 982 2364 Duker,
1014 2305 1105 2352 tutam
1128 2296 1221 2367 codd.)
1264 2292 1386 2357 XLVII,
1426 2296 1442 2351 2

383 2377 515 2449 (Boeotos
544 2379 655 2435 addidit
685 2379 744 2439 Iao.
777 2379 876 2448 Perit.)
909 2382 925 2435 3
955 2379 1102 2454 Brachylli
1131 2378 1206 2451 (edd.
1228 2387 1301 2447 vett,
1324 2379 1364 2433 M
1369 2377 1394 2453 t)
1427 2383 1442 2433 5

383 2460 541 2535 (Apamam
570 2460 662 2535 Sipon.
692 2481 745 2536 pro
774 2461 944 2538 Apamiam)
979 2461 1155 2520 6inelutam
1192 2460 1265 2537 (Mp.
1286 2460 1351 2520 Em.
1376 2462 1443 2518 413.

383 2543 491 2599 lacinto
521 2546 586 2600 sotis
619 2547 700 2616 regiis
730 2547 831 2619 nuptiis
852 2548 959 2617 femina
996 2564 1052 2601 esse
1082 2564 1134 2601 non
1157 2553 1275 2618 poterat.
1322 2544 1445 2623 Kuelins

382 2625 533 2698 iunctam.)
557 2631 572 2683 7
595 2627 624 2683 in
647 2645 737 2702 spem,
759 2629 837 2700 quod
858 2628 891 2683 is¹
905 2648 933 2684 v.
952 2649 976 2688 r.
1000 2647 1023 2684 s.
1047 2637 1137 2696 esset,
1162 2626 1244 2702 regni
1266 2627 1381 2686 Maced.
1406 2626 1446 2699 (Β

382 2725 451 2766 reos.
495 2708 540 2764 De
562 2710 600 2765 M
618 2718 731 2766 tacetur,
755 2708 841 2769 Gran.
865 2711 949 2784 quasi
968 2711 1046 2783 vere)
1075 2707 1204 2780 XLVIII,
1228 2711 1378 2781 3(avers0
1400 2729 1445 2767 re·

383 2789 517 2864 fugientis
540 2810 614 2865 equo
644 2792 707 2848 We
721 2793 762 2850 B:
785 2811 904 2850 aversos
926 2792 1094 2867 refugientis
1116 2812 1199 2866 equo.
1241 2792 1340 2864 Vulgo:
1362 2811 1445 2848 aver·

383 2892 431 2930 soe
453 2872 613 2948 refugiente
634 2873 721 2948 equo)
748 2879 782 2932 10
805 2877 885 2951 petit,
907 2886 938 2933 ut
961 2876 1057 2946 (uror.
1075 2878 1109 2940 1,·
1130 2875 1159 2931 Β
1183 2876 1240 2949 peti
1263 2876 1308 2947 ut)
1344 2871 1445 2945 XLIX,

385 2961 580 3032 lapparere:
613 2958 776 3014 mentiendo
809 2962 929 3033 (interp.)
964 2964 980 3015 6
1014 2959 1209 3032 (Probabiliter
1242 2958 1283 3016 W
1306 2966 1333 3014 et
1364 2959 1444 3018 hom.

383 3040 452 3095 boni
491 3050 519 3095 et
557 3041 621 3097 sciti
657 3042 863 3110 convivatoris)
900 3039 903 3119 (
938 3051 995 3098 tam
1032 3042 1116 3098 varia
1151 3049 1179 3097 et
1214 3041 1307 3097 multa
1343 3040 1441 3113 (Frob.

385 3121 476 3194 1535)
515 3126 530 3178 7
561 3142 619 3180 non
652 3142 739 3196 quam
771 3125 819 3181 isti
850 3134 917 3182 sunt
956 3124 1030 3197 (My.
1060 3125 1095 3180 M
1131 3142 1188 3180 non
1216 3141 1303 3196 quam
1334 3134 1368 3179 ut
1398 3122 1446 3180 isti

384 3214 459 3264 sunt.
521 3206 572 3261 Ad
605 3208 739 3281 reliquam
772 3208 806 3264 de
837 3226 895 3264 non
931 3226 1018 3280 quam
1043 3226 1098 3281 pro
1131 3225 1189 3263 non
1222 3216 1317 3267 tam..
1357 3225 1444 3281 quam

384 3288 585 3359 dubitationem,
618 3291 652 3346 de
684 3309 740 3364 qua
772 3291 831 3346 disi
858 3291 922 3347 Fun
943 3290 1013 3358 313,
1036 3291 1142 3346 aceedit
1163 3290 1189 3345 lr.
1213 3291 1241 3359 l.,
1264 3289 1444 3363 quodquam

384 3373 481 3428 omisso
512 3381 572 3429 tam
607 3375 787 3447 interponitur
821 3383 884 3430 ante
918 3373 1090 3432 adiectionem.
1148 3371 1208 3428 Neo
1246 3382 1316 3428 reote
1350 3373 1446 3447 liospes

387 3453 573 3512 &salariensis
604 3465 720 3529 negatur
749 3458 886 3529 gloriosus
922 3475 995 3521 esse5
1034 3474 1098 3511 narn
1133 3465 1310 3530 utrorumque
1341 3457 1445 3528 gloria-

385 3539 464 3593 tionis
483 3557 568 3611 penas
597 3549 792 3614 comparatum
825 3541 871 3596 ille
900 3559 1006 3615 qrroqne
1031 3540 1214 3611 gloriabatur,
1242 3539 1292 3594 sed
1320 3541 1380 3595 otio
1408 3557 1446 3604 re,

385 3620 529 3677 condiendi
547 3624 628 3696 arte.)
659 3624 691 3678 13
712 3623 822 3695 (dicunt
845 3622 934 3693 Oreo,
955 3623 1026 3682 Lov.
1039 3621 1078 3688 3,·
1105 3624 1207 3696 reliqui
1226 3622 1308 3683 oodd,
1331 3622 1446 3685 dicant,-

385 3701 449 3762 Em.
472 3705 531 3759 415
552 3707 619 3776 not.)
653 3702 691 3773 L,
727 3709 742 3761 7
767 3715 794 3762 et
826 3707 905 3762 omni
928 3705 1013 3762 classi
1035 3705 1129 3778 (codd.
1152 3707 1236 3772 reae.)
1277 3709 1307 3762 11
1335 3714 1369 3761 ut
1390 3707 1447 3761 sine

385 3787 461 3842 unns
483 3783 562 3861 (Uss.
578 3787 643 3844 Non
657 3789 794 3844 simulatio
816 3791 929 3859 consilii,
951 3789 1001 3844 sed
1021 3790 1162 3844 consilium
1183 3787 1377 3860 significatur.)
1401 3785 1445 3857 LI,

387 3872 404 3924 t
428 3887 477 3926 eos
504 3872 562 3926 sine
592 3880 657 3926 nota
688 3869 803 3946 (Latere
831 3891 971 3929 numerian
1007 3869 1084 3927 Creu.
1113 3871 1191 3927 vidit.
1234 3870 1369 3927 Fortasse
1388 3872 1446 3942 snit

386 3953 446 4023 ooo)
470 3954 488 4008 9
511 3952 687 4029 comportari
709 3952 761 4028 (B)
790 3959 823 4012 10
847 3965 934 4030 eaput
956 3963 1019 4011 erat
1041 3955 1169 4024 Euboeae,
1190 3962 1301 4010 teneret
1323 3952 1445 4028 (interp.)

388 4029 391 4108 I
415 4034 476 4091 eius
497 4035 597 4092 insulae
619 4034 682 4111 (Β).
