3484 5025
461 497 499 553 aa
720 440 944 543 dsaxxxvu.
973 492 1022 555 (a.
1033 506 1059 543 ιι.
1069 507 1091 543 a.
1103 492 1178 556 aa.)

421 686 506 735 nocte
532 678 703 755 intempesta
732 680 824 749 venit,
860 680 1057 755 deductusque
1090 679 1129 737 ad
1157 676 1318 749 AEmiliom‚
1347 676 1448 753 presidii

421 801 511 841 causa
531 802 563 841 se
585 784 702 842 missum
725 784 774 855 ait,
797 786 876 859 quod
898 804 961 844 eam
984 803 1066 842 oram
1081 784 1171 842 maris
1185 783 1316 842 infestam
1335 781 1451 842 oneruiit

419 888 508 965 regie
529 909 618 949 naves
640 891 859 950 excursionibus
880 890 989 950 crebris
1010 891 1048 947 ab
1062 890 1256 967 Hellesponto
1270 898 1354 962 atque
1365 887 1451 963 Abydo

387 990 556 1053 ‹tfacereut
614 996 783 1054 Traiicienti
810 995 934 1055 AEmilio
964 1014 983 1052 a
1012 992 1086 1053 Chio
1114 994 1236 1055 Samum
1268 995 1331 1052 duta
1355 992 1454 1054 moti·

423 1098 620 1173 quadriremes
647 1103 742 1160 missae
769 1102 885 1160 obviam
914 1102 951 1159 ab
979 1101 1065 1161 Livio
1098 1109 1127 1157 et
1151 1119 1207 1159 rex
1236 1101 1378 1160 Eumenes
1405 1115 1454 1162 cett

388 1206 537 1265 hduabus
569 1206 822 1282 quinqueremibus
854 1184 987 1266 occurrit.
1042 1206 1162 1266 Samum
1187 1214 1341 1282 postquam
1361 1212 1453 1261 venun

424 1322 477 1381 est,
500 1322 620 1388 accepta
642 1313 679 1369 ab
694 1312 779 1371 Livio
801 1313 894 1372 classe
915 1322 943 1371 et
967 1313 1118 1384 sacrificio,
1139 1322 1173 1371 ut
1186 1311 1303 1381 essolet,
1324 1307 1454 1379 ritefsctt

420 1415 561 1474 AEmilius
595 1418 745 1477 consilium
778 1419 942 1478 advocavit.
996 1419 1042 1477 lbi
1069 1416 1104 1478 0.
1134 1417 1237 1476 Livius
1270 1417 1308 1491 (is
1336 1417 1404 1476 enim
1423 1424 1474 1490 att,

422 1522 534 1598 primus
555 1534 675 1598 rogatus
696 1526 880 1598 sententiam)
907 1524 1049 1582 neminem
1076 1523 1189 1581 fidelius
1209 1540 1298 1599 posse
1321 1524 1388 1581 dare
1405 1539 1454 1581 con·

423 1629 517 1686 silium
541 1629 614 1686 dixit
636 1649 723 1705 quam
747 1651 830 1702 eum,
856 1630 907 1705 qui
927 1630 958 1687 id
979 1630 1063 1688 alteri
1083 1630 1234 1700 suaderet,
1258 1629 1336 1703 quod
1355 1624 1455 1703 ipsas

390 1734 452 1797 ein
474 1735 575 1792 eodem
597 1735 663 1793 loco
685 1747 774 1808 esset,
805 1736 936 1795 facturus
962 1734 1056 1809 fuerit,
1115 1735 1154 1794 Se
1175 1734 1206 1792 in
1228 1734 1326 1791 animo
1347 1731 1459 1792 habuisse

422 1849 485 1897 tota
506 1840 599 1898 classe
613 1841 769 1916 Ephesum·
783 1851 881 1918 petere
903 1852 931 1898 et
952 1842 1100 1899 onerarias
1122 1842 1228 1899 ducere
1249 1840 1341 1898 multa
1360 1840 1462 1904 saburra

391 1955 563 2021 lgravatas
595 1955 683 2021 atque
718 1966 769 2005 aas
800 1948 831 2005 in
858 1947 990 2004 faucibus
1028 1957 1129 2023 portus
1155 1944 1354 2022 supprimere3
1383 1953 1409 2001 ct
1432 1957 1460 2000 ee

424 2052 543 2113 minoris
574 2052 732 2110 molimenti
754 2072 790 2110 ea
811 2053 938 2110 claustra
960 2072 1037 2124 esse,
1067 2054 1145 2128 quod
1165 2053 1196 2110 in
1215 2050 1342 2109 fluminis
1364 2048 1458 2106 modun

423 2158 541 2233 longum
564 2167 593 2215 et
607 2170 760 2234 angustum
775 2167 805 2215 et
819 2158 961 2215 vadosum
976 2158 1079 2215 ostium
1094 2167 1197 2234 portus
1219 2157 1266 2215 sit.
1301 2156 1351 2216 Ita
1364 2155 1465 2227 ademp.

423 2272 518 2321 turum
539 2282 571 2321 se
593 2263 681 2321 maris
702 2282 785 2321 usum
807 2264 939 2322 hostibus
960 2263 1049 2322 fuisse
1070 2263 1258 2338 inutilemque
1279 2262 1398 2319 classem
1413 2257 1466 2317 isc·-

423 2379 527 2427 turum.
588 2369 671 2428 Nulli
692 2388 727 2426 ea
748 2368 863 2445 placere
885 2370 1034 2427 sententia.
1087 2369 1234 2425 Eumenes
1261 2386 1315 2425 rex
1344 2364 1463 2443 quesivit

423 2474 492 2548 qnid
514 2474 652 2533 tandem?
694 2476 753 2537 Ubi
776 2476 914 2534 demersis
929 2475 1051 2533 naribus
1067 2474 1231 2532 frenassent
1245 2474 1372 2532 claustra
1384 2469 1463 2540 merit,

424 2590 519 2639 utrum
536 2582 627 2640 libera
641 2602 695 2640 sua
716 2584 809 2640 classe
831 2582 994 2641 abscessuri
1016 2581 1082 2638 inde
1103 2580 1199 2637 forent
1224 2581 1262 2637 ad
1283 2600 1368 2657 opem
1388 2580 1461 2637 ferec-

424 2686 490 2743 dam
514 2688 600 2744 sociis
622 2700 819 2764 terroremque
840 2689 971 2746 hostibus
993 2686 1178 2763 praebendum
1206 2705 1245 2743 an
1272 2687 1362 2744 nihilo
1388 2685 1465 2742 minos

392 2802 408 2855 2
425 2802 487 2848 tota
503 2792 595 2849 classe
608 2803 723 2867 portum
740 2794 905 2853 obsessuri?
941 2793 1099 2853 Sive‘enim
1115 2793 1283 2863 abscedant,
1305 2792 1351 2849 cui
1366 2788 1462 2847 dubium

424 2917 503 2968 esse,
537 2899 607 2972 quin
634 2899 731 2958 hostes
760 2901 917 2959 extracturi
946 2901 1092 2957 demersas
1120 2898 1211 2954 moles
1241 2898 1299 2955 sint
1326 2910 1354 2956 et
1373 2897 1465 2954 minos

423 3004 590 3061 molimento
626 3009 753 3080 aperturi
784 3017 911 3083 portum,
949 3024 1034 3081 quam
1071 3003 1260 3062 obstruatur?
1305 3006 1351 3062 sin
1387 3011 1464 3061 autea

423 3110 596 3166 manendum
621 3112 661 3169 ibi
682 3113 771 3170 nihilo
792 3114 887 3170 miuus
910 3114 963 3183 sit,
994 3111 1062 3187 quid
1084 3111 1206 3167 attinere
1227 3111 1325 3168 claudi
1347 3102 1484 3199 portuul.

290 3275 292 3278 ,
392 3215 502 3290 aQuin
517 3228 617 3275 contra
638 3217 712 3289 illos,
734 3219 877 3277 tutissimo
898 3229 994 3294 portu,
1016 3216 1236 3292 opulentissima
1257 3218 1329 3275 urbe
1347 3216 1465 3281 fruente,

425 3324 522 3380 omnia
537 3324 611 3381 Asia
632 3325 786 3399 prebente,
808 3327 906 3400 quieta
928 3324 1028 3382 aestiva
1049 3332 1178 3391 acturos3
1200 3323 1361 3393 Romanos,
1382 3327 1464 3396 spent

424 3430 453 3487 in
481 3432 555 3488 mari
583 3431 716 3489 fluctibus
743 3431 1019 3506 tempestatibusque
1048 3429 1190 3498 obiectos,
1218 3428 1348 3485 omnium
1373 3428 1465 3501 inops,

393 3535 454 3595 tin
480 3537 597 3594 assidua
618 3536 741 3594 statione
761 3536 884 3605 futuros,
906 3536 984 3610 ipsos
1001 3535 1092 3610 magis
1108 3533 1243 3608 alligatos
1264 3532 1464 3610 impeditosque

425 3642 553 3715 nequid
576 3661 692 3714 eorum,
726 3663 789 3717 qum
817 3643 931 3719 agenda
958 3641 1029 3712 sint,
1060 3640 1172 3716 possint
1199 3657 1304 3714 agere,
1338 3640 1461 3714 quamut

394 3746 523 3805 bhostes
548 3746 662 3804 clausos
682 3749 818 3806 habeant.
875 3749 1035 3814 Eudamus,
1056 3745 1209 3822 prefectus
1230 3744 1355 3804 Rhodia
1374 3737 1461 3807 classi,

425 3850 519 3925 magis
541 3870 605 3907 eam
627 3852 683 3909 sibi
704 3854 854 3930 displicere
876 3853 1045 3911 sententiam
1062 3851 1196 3921 ostendit,
1218 3870 1306 3925 quam
1322 3851 1390 3926 ipse,
1408 3839 1457 3920 quid

392 3963 554 4017 boenseret
576 3956 750 4030 iaciendum,
771 3961 853 4018 dixit.
898 3959 1048 4035 Epicrates
1068 3942 1199 4015 Rhodius
1229 3958 1339 4015 omissa
1358 3957 1386 4015 in
1402 3965 1454 4028 pro

425 4063 519 4120 sentia
541 4063 659 4139 Epheso
686 4066 853 4124 mittendam
878 4065 995 4122 navium
1023 4075 1136 4140 partem
1165 4063 1194 4120 in
1216 4063 1338 4139 Lyciam
1363 4054 1453 4121 cenci

392 4175 454 4227 let
475 4170 604 4240 Patara,
626 4180 714 4247 ceput
734 4172 842 4247 gentis,
868 4172 898 4229 in
921 4171 1087 4229 societatem
1110 4169 1302 4245 adiungenda.
1353 4169 1384 4225 In
1401 4164 1450 4221 dut!
