3484 5025
538 535 615 587 Liber
628 535 768 586 XXXVII.
787 536 836 600 (A.
848 534 909 587 cur.
923 536 996 602 190.)
1213 542 1252 600 69

262 735 303 792 pa
322 719 380 777 icta
401 721 569 787 cohaeserat,
590 724 674 781 navis
695 723 779 798 cepit.
821 725 887 782 Hoc
908 724 1034 781 maxime
1057 723 1143 781 modo
1165 724 1202 781 ad
1223 726 1293 801 My·

262 839 374 882 nussum
396 826 498 883 navali
517 828 619 903 proelio
640 838 798 905 pugnatum
820 838 873 888 est.

268 971 270 976 -
320 931 386 1005 Quo
415 932 533 989 territus
559 933 735 1003 Antiochus,
773 936 841 1010 quia
869 935 1050 1011 possessione
1079 935 1167 991 maris
1192 935 1291 1010 pulsus
1346 917 1384 989 31

262 1037 394 1111 uginqua
415 1038 491 1095 tueri
512 1039 662 1098 diffidebat
682 1061 714 1099 se
736 1059 831 1117 posse,
853 1041 1016 1116 presidium
1039 1041 1076 1097 eb
1098 1040 1291 1117 Lysimachia,

262 1142 506 1218 ¹Dcpprimeretnr
527 1146 567 1203 ibi
598 1148 636 1205 ab
658 1148 814 1216 Romanis,
844 1146 945 1204 deduci
967 1164 1073 1221 pravo,
1103 1155 1201 1204 utres
1227 1147 1292 1221 ipsa

262 1255 337 1316 ,netes
359 1248 470 1320 docuit,
492 1252 612 1309 consilio
633 1253 724 1312 iussit.
758 1253 827 1310 Non
849 1253 925 1310 enim
947 1251 1020 1308 tueri
1041 1251 1133 1308 solum
1157 1253 1321 1327 Lysim-2

262 1347 329 1418 Μ
350 1374 370 1411 a
390 1355 488 1430 primo
508 1355 617 1432 impetu
639 1358 837 1416 Romanorum
849 1357 935 1415 facile
956 1366 1027 1427 erat,
1048 1357 1099 1414 sed
1111 1357 1289 1414 obsidionem

262 1455 321 1552 §m
352 1478 407 1535 per
439 1471 531 1519 totam
554 1464 678 1521 hiemem
709 1462 833 1520 tolerare
871 1473 900 1520 et
929 1463 1091 1519 obsidentes
1119 1482 1234 1538 quoque
1255 1464 1292 1519 ad

262 1555 364 1624 ffiram
385 1566 516 1643 inopiam
538 1569 682 1626 adducere
703 1567 881 1625 extrahendo
904 1578 1025 1643 tempus,
1044 1577 1073 1624 et
1085 1566 1197 1625 interim
1211 1587 1290 1643 spem

262 1670 313 1744 μ
334 1692 388 1748 per
410 1674 593 1732 occasionem
622 1683 743 1731 tentare.
786 1674 850 1731 Nec
871 1674 1085 1749 Lysimachiam
1107 1683 1217 1732 tantum
1239 1670 1322 1731 ho-3

262 1767 322 1866 ¹*us
356 1778 477 1836 tradidit
510 1789 577 1854 post
605 1779 757 1836 adversam
790 1779 923 1836 navalem
951 1797 1093 1854 pugnam,
1126 1780 1177 1837 sed
1205 1782 1291 1838 etiarn

262 1877 412 1961 'clephonis
435 1883 585 1941 obsidione
607 1886 746 1943 abscessit
767 1893 796 1942 et
806 1885 907 1943 Sardis
928 1886 1035 1960 recepit
1053 1904 1097 1954 se;
1119 1896 1206 1960 atque
1227 1885 1323 1944 indel

290 1989 513 2067 Cappadociam
540 1991 579 2047 ad
604 1991 808 2058 Ariarathem,
831 1992 880 2064 qui
902 1991 1010 2049 auxilia
1037 2001 1230 2062 accerserent,
1265 2003 1294 2049 et

262 2105 406 2171 Mnnqne
430 2097 489 2153 alio
511 2106 636 2173 poterat,
661 2096 698 2154 ad
720 2096 819 2171 copias
841 2098 1060 2166 contrahendas,
1080 2099 1109 2154 in
1131 2116 1217 2154 unum
1233 2097 1291 2154 iam

262 2204 393 2273 muium,
417 2212 449 2260 ut
470 2203 532 2259 acie
553 2203 712 2273 dimicaret,
734 2203 859 2259 intentus
882 2203 966 2260 misit.

309 2309 446 2384 Regillus
460 2307 599 2365 AEmilius
620 2319 688 2383 post
709 2308 858 2366 victoriam
881 2309 1012 2365 navalem
1036 2304 1180 2382 profectus
1196 2306 1322 2380 Ephe-5

262 2421 306 2486 11,
336 2412 458 2472 directis
480 2424 547 2470 ente
573 2423 689 2488 portum
718 2413 855 2484 navibus,
885 2433 970 2489 quum
999 2411 1206 2472 confessionem
1228 2411 1294 2468 ulti·

262 2501 301 2581 h
339 2521 475 2579 concessi
511 2521 600 2578 maris
631 2520 708 2577 hosti
740 2521 941 2594 expressisset,
977 2518 1096 2589 Chium,
1133 2538 1190 2593 quo
1228 2529 1294 2577 ante

262 2629 328 2686 mle
361 2626 497 2704 proelium
527 2645 642 2685 cursum
669 2626 707 2682 ab
737 2625 827 2683 Samo
859 2625 1037 2694 intenderat,
1068 2625 1195 2699 navigat.
1248 2626 1324 2684 Ibi6

262 2740 313 2793 'es
356 2734 388 2790 in
429 2732 532 2808 proelio
567 2739 721 2807 qrrassetas
756 2749 842 2804 quum
876 2728 1038 2799 reiecisset,
1076 2729 1110 2791 L.
1141 2731 1294 2789 AEmilium

262 2851 372 2901 surum
407 2858 473 2897 cnm
510 2837 628 2913 triginta
658 2837 781 2893 navibus
814 2835 1035 2908 Hellespontum
1068 2835 1106 2892 ad
1138 2837 1294 2894 exercitum

262 2940 433 3007 {iciendum
460 2944 552 3013 misit,
582 2942 714 3000 Rhodios
736 2950 817 3016 parte
839 2940 942 3016 praedae
970 2950 998 2996 et
1024 2941 1123 3015 spoliis
1145 2944 1295 3000 navalibus

262 3063 384 3111 oratos
416 3051 534 3108 domum
567 3049 661 3106 redire
692 3048 779 3106 iubet.
832 3046 939 3105 Rhodii
973 3046 1095 3121 impigre
1124 3046 1324 3122 praevertere?

284 3155 483 3217 traiiciendas
510 3155 610 3230 copias
637 3152 762 3209 consulis
788 3153 845 3221 ire,
878 3163 964 3224 atque
996 3171 1030 3207 eo
1063 3170 1178 3227 quoque
1205 3153 1295 3212 functi

262 3263 341 3334 icio,
377 3271 440 3318 tum
470 3261 584 3317 demum
614 3258 749 3316 Rhodum
778 3258 897 3314 rediere.
958 3254 1066 3313 Classis
1094 3261 1227 3317 Romana
1257 3256 1326 3318 abss

262 3362 295 3431 lo
326 3369 492 3428 Phocoeam
521 3364 644 3423 traiecit.
701 3365 736 3421 In
766 3364 828 3420 sinu
858 3363 946 3419 maris
973 3362 1073 3418 intimo
1108 3363 1203 3436 posita
1234 3364 1295 3420 haec

262 3490 289 3535 Ι
318 3485 379 3549 est,
414 3473 544 3545 oblonga
576 3469 680 3530 forma.
734 3470 833 3525 Duum
865 3467 985 3524 millium
1016 3478 1044 3524 et
1072 3468 1292 3543 quingentorum

262 3594 367 3641 mum
390 3578 518 3653 spatium
543 3594 643 3633 murus
665 3548 863 3648 amplectitur3
897 3574 955 3631 coit
975 3574 1078 3630 deinde
1112 3593 1148 3630 ex
1170 3585 1292 3648 utraque

262 3696 304 3745 ne
340 3685 372 3742 in
405 3683 544 3740 artiorem
576 3682 656 3738 velut
688 3697 823 3746 cuneum;
858 3680 1018 3754 Lamptera
1049 3679 1103 3754 ipsi
1138 3678 1293 3754 appellant.

262 3787 302 3851 fle
332 3801 364 3848 et
394 3789 536 3847 ducentos
569 3805 673 3862 passus
705 3784 745 3842 ibi
773 3784 895 3841 latitudo
926 3794 1021 3859 patet;
1056 3785 1123 3841 inde
1143 3784 1242 3860 lingua
1263 3783 1323 3842 ina

262 3912 311 3957 cm
335 3895 420 3955 mille
442 3913 582 3970 passuum
605 3909 761 3949 excurrens
784 3890 907 3947 medium
930 3888 991 3947 fere
1012 3891 1105 3948 sinum
1124 3891 1202 3947 velut
1223 3901 1293 3948 uota

262 4003 386 4081 lbrguit.
437 4001 500 4061 Ubi
521 4001 648 4057 cohaeret
669 3995 801 4054 faucibus
823 3996 962 4071 angustis,
992 3996 1065 4053 duos
1088 3997 1118 4053 in
1139 4006 1292 4071 utramque

262 4111 371 4179 ionem
402 4125 508 4165 versos
538 4113 639 4180 portus
667 4102 825 4158 tutissimos
851 4100 948 4158 habet.
997 4100 1054 4174 Qui
1082 4101 1112 4156 in
1144 4101 1291 4159 meridiem
1308 4101 1343 4156 10

262 4218 322 4297 git,
346 4216 390 4274 ab
411 4233 448 4271 re
468 4210 620 4288 appellant
647 4206 872 4276 Naustathmon,
901 4207 969 4280 quia
995 4206 1139 4280 ingentem
1161 4207 1219 4264 vim
1240 4225 1292 4264 na·
