3484 5025
903 507 969 550 vm

397 688 499 761 pionis,
529 688 608 761 quod
631 687 669 739 W
692 696 806 745 secutus
835 687 905 758 est),
937 689 953 743 8
978 705 1035 761 pro
1064 688 1152 760 teqato
1180 687 1247 762 (pro
1269 689 1392 761 coitsqo,
1426 689 1473 744 cui

402 770 517 827 inanem
540 768 716 826 defensionis
738 768 863 844 speciem
888 770 927 826 W
955 769 1082 843 quaerit),
1120 771 1171 838 12,
1202 767 1385 827 6Niaoader
1406 768 1471 843 (Ni-

402 852 506 909 cuades
526 853 649 925 uaviqat)
685 854 702 908 9
732 851 864 909 Romanas
888 854 1014 909 amicitia
1041 853 1212 925 couiaaqeret
1236 870 1264 908 se
1285 871 1345 909 oum
1366 852 1473 926 (Rama

402 936 538 991 amicitias
559 936 699 1007 iuaqereat
719 935 800 1005 cam),
832 937 866 991 12
891 954 954 992 riam
977 953 1064 1009 aeque
1086 935 1224 1009 (namque)
1249 937 1283 991 13
1307 955 1392 1011 quam
1414 936 1472 992 Ro·

402 1019 478 1073 mam'
497 1018 569 1091 (cum
590 1017 733 1091 Romanis)
741 1012 775 1089 ¹).

487 1099 629 1175 Suppleta
667 1119 683 1156 o
715 1101 764 1169 M,
803 1118 867 1174 quae
906 1100 936 1156 in
974 1100 999 1156 B
1033 1100 1193 1174 ceterisque
1229 1101 1348 1170 desunt,
1394 1102 1471 1157 hac:

407 1188 438 1253 1,
474 1188 483 1237 1
507 1184 666 1257 permultae,
691 1186 726 1252 2,
755 1188 772 1240 6
796 1203 815 1238 a
835 1194 864 1239 ot
886 1193 989 1239 temere
1010 1183 1051 1255 (in
1072 1183 1156 1241 codd.
1178 1182 1347 1257 vulgaribus
1369 1183 1473 1241 deinde

403 1283 457 1340 pra
479 1266 520 1321 od
539 1284 663 1322 rumores
681 1269 804 1338 privatis
826 1265 936 1323 factum
958 1266 999 1322 ad
1018 1283 1141 1322 rumores
1161 1267 1313 1339 privatos),
1342 1266 1401 1324 ibd.
1424 1276 1473 1322 aut

399 1357 544 1422 praetores,
568 1352 583 1404 7
598 1348 827 1421 quattuordecim
840 1349 931 1405 verba
941 1350 981 1422 (v.
989 1366 1112 1422 suprap.
1120 1348 1174 1417 IV;
1186 1349 1225 1405 W
1236 1368 1273 1405 ne
1285 1349 1320 1405 de
1331 1349 1473 1424 proximae

404 1429 519 1504 quidem
531 1432 709 1506 paragraphi
723 1430 831 1506 duplici
841 1430 958 1489 incuriae
973 1430 1078 1488 iudicio
1091 1430 1250 1505 cogitavit),
1266 1434 1294 1501 3,
1315 1436 1324 1487 1
1343 1432 1472 1506 quotidie,

406 1517 433 1581 7,
457 1514 474 1568 2
498 1514 575 1588 quod
595 1515 673 1586 (ants
689 1514 792 1588 quum),
816 1516 844 1583 9,
868 1517 884 1570 3
909 1531 962 1592 que
983 1513 1187 1588 (postmurus),
1213 1517 1259 1583 10,
1283 1519 1299 1571 4
1320 1533 1372 1589 que
1395 1515 1474 1589 (post

406 1596 575 1664 Comselium3
611 1596 710 1670 itaque
749 1597 836 1654 etiam
871 1615 908 1653 ex
941 1595 1096 1663 Quinctium
1125 1597 1330 1672 Corneliumque
1362 1595 1472 1654 factum

407 1676 440 1744 Q.
465 1679 630 1747 Cornelium,
660 1679 734 1735 unde
761 1680 800 1735 W
827 1680 909 1737 locus
936 1688 1086 1754 suspectus
1114 1678 1186 1751 fist),
1222 1685 1272 1749 ll,
1302 1683 1319 1737 6
1346 1680 1472 1749 bostium,

408 1763 453 1828 11,
480 1764 511 1817 11
539 1760 690 1818 duodecim
712 1763 803 1819 verbs
827 1762 896 1835 (vid.
915 1780 1004 1839 supra
1027 1780 1055 1837 p.
1077 1761 1147 1834 IV).

487 1844 634 1900 Praeterea
656 1844 682 1900 Β
704 1845 783 1902 solus
806 1846 868 1902 hoec
891 1846 1011 1902 omittit:
1035 1846 1062 1914 3,
1087 1848 1104 1901 4
1127 1863 1160 1901 eu
1181 1844 1318 1919 (postet),
1342 1848 1369 1913 5,
1393 1848 1429 1902 11
1448 1856 1474 1901 et

404 1924 486 1981 dubio
508 1925 606 1998 (etiam
628 1926 716 1984 Voss.
739 1927 998 2001 Drakenborchii),
1028 1932 1056 1997 7,
1080 1929 1097 1983 3
1119 1929 1176 1997 ius,
1209 1931 1224 1982 7
1247 1928 1353 1994 milites,
1375 1930 1473 2001 utaqrs,

405 2009 433 2077 8,
456 2008 473 2063 2
496 2009 529 2077 is,
553 2010 570 2064 9
593 2011 626 2077 si,
653 2014 699 2081 10,
723 2012 739 2066 2
762 2030 864 2085 nuper,
888 2011 1069 2085 ipetehaut,
1103 2014 1154 2079 11,
1185 2012 1201 2066 2
1225 2013 1373 2081 coercitus,
1405 2014 1421 2067 5
1445 2013 1474 2066 ia

404 2108 465 2158 eos,
495 2094 510 2146 7
541 2101 566 2147 et
592 2103 660 2166 post
682 2094 807 2167 paulati,
840 2098 876 2152 10
904 2094 1080 2167 adequitare,
1113 2092 1208 2167 spatio
1237 2111 1331 2151 vacuo
1361 2093 1471 2159 relicto,

402 2172 460 2228 ibd.
483 2174 613 2243 hostiam,
639 2176 693 2245 12,
717 2180 733 2233 4
765 2194 817 2251 que
838 2186 905 2251 post
928 2168 1112 2247 mutationi).
1163 2175 1210 2246 (In
1226 2176 1259 2233 M
1274 2194 1298 2231 c.
1317 2178 1352 2243 3,
1375 2176 1392 2231 2
1419 2195 1472 2232 nou

404 2256 470 2329 plus
495 2275 586 2330 prave
608 2258 745 2315 omissum
769 2260 903 2331 videtur.)

488 2339 559 2396 Haec
583 2340 632 2413 qui
660 2341 895 2409 consideraverit,
918 2358 1040 2415 quorum
1056 2340 1162 2397 similia
1186 2359 1222 2397 ax
1245 2341 1348 2414 quavis
1367 2342 1471 2398 horum

404 2420 542 2479 librorum
565 2432 649 2495 parte
670 2423 794 2497 proferri
808 2418 963 2499 possunt⁸),
986 2422 1102 2479 timidas
1123 2422 1353 2481 Weissenbornii
1374 2424 1471 2480 nescio

406 2620 637 2629 m

424 2734 448 2795 ¹)
478 2736 552 2796 Quod
572 2756 594 2789 c.
615 2747 642 2797 2,
663 2745 677 2788 2
703 2740 846 2788 restitutum
869 2739 997 2789 eBest:
1025 2737 1134 2787 aduersae
1156 2756 1227 2803 qaam
1246 2739 1356 2789 secundm
1380 2757 1466 2793 res...

474 2809 551 2872 maqrs
579 2809 722 2858 sermonibus
745 2808 804 2872 (pro
824 2817 873 2856 tam
898 2807 1007 2857 adversor
1034 2824 1104 2872 quam
1124 2825 1219 2860 sea...
1243 2810 1335 2874 maqms
1350 2811 1433 2872 serm.)
1459 2826 1472 2858 e

475 2878 503 2924 Μ
524 2893 575 2927 non
594 2886 739 2927 annotetur.

423 2974 449 3040 ⁹)
476 2979 539 3044 Cap.
562 2987 605 3039 11,
631 2987 645 3030 8
670 2980 805 3037 librarius,
831 2995 909 3044 quum
931 2979 1008 3028 verba
1034 2996 1116 3028 cursus
1138 2978 1220 3044 riqido
1239 2994 1311 3044 paeue
1335 2981 1470 3039 omisisset,

477 3051 584 3098 retraxit
601 3066 640 3110 sc3
660 3065 684 3101 c.
704 3055 727 3108 5,
748 3055 763 3097 6
789 3064 822 3098 ex
839 3063 902 3098 voce
923 3047 1085 3112 redinteqrota
1109 3049 1211 3113 scripsit
1227 3066 1251 3098 re
1268 3058 1341 3114 qrata
1360 3051 1472 3114 interpo-

476 3119 530 3236 qgthi
549 3119 632 3237 spectio
655 3133 749 3178 vacuo,
775 3120 842 3180 quod
863 3119 961 3167 medias
983 3118 1082 3167 litteras
1100 3133 1153 3167 non
1173 3119 1274 3180 legebat
1299 3129 1414 3167 autnon
1433 3120 1472 3167 in·

532 3203 563 3250 ge
583 3205 617 3239 a.

425 3287 448 3349 ³)
478 3293 579 3342 Addam
598 3310 630 3343 ex
643 3308 696 3341 uno
715 3293 798 3354 capite
812 3290 871 3339 libri
886 3287 1004 3337 XXXIV
1016 3290 1154 3352 specimen,
1174 3303 1207 3337 cx
1221 3304 1272 3338 uno
1285 3290 1342 3339 libri
1356 3289 1471 3340 XXXV.

475 3360 541 3477 iim
561 3364 588 3481 Ἦ
606 3364 674 3480 mli
686 3362 769 3480 οει1ὴθ
784 3358 1074 3490 311121ἳὲ16Μὲἔῖ
1091 3359 1363 3490 §distabit
1380 3361 1471 3477 imi

527 3446 617 3481 conss
686 3447 718 3479 vu
748 3445 804 3479 ares
1068 3443 1074 3477 :
1335 3469 1338 3477 .
1420 3446 1472 3478 ear

475 3499 553 3561 (om.;
579 3502 666 3551 omisit
695 3445 772 3549 etifim
801 3445 849 3558 373
881 3499 971 3546 abesse
1000 3497 1100 3559 nequit)
1129 3499 1142 3545 7
1174 3506 1197 3545 et
1225 3498 1310 3562 occepi
1338 3514 1408 3561 qaam
1439 3501 1474 3561 (et

475 3572 559 3634 accepi
587 3573 677 3629 urbem,
713 3586 793 3634 quum,
827 3567 903 3616 etiam
940 3564 982 3625 W,
1019 3567 1177 3628 pessundata
1209 3567 1332 3616 orationis
1367 3567 1472 3630 figure),

434 3668 437 3675 ·
477 3644 491 3687 8
526 3641 574 3689 iata
614 3644 686 3703 (om,
723 3641 801 3688 etiam
836 3636 884 3698 W)
921 3640 951 3683 18
985 3635 1095 3697 fortunae
1136 3637 1229 3700 (fore).
1283 3636 1337 3685 Nec
1374 3637 1472 3694 dubito,

475 3710 536 3772 quin
570 3712 646 3759 etism
683 3727 713 3760 ac
746 3706 870 3772 diqoitatis
900 3704 1023 3754 Gelenius
1055 3704 1172 3768 („lege”)
1210 3719 1243 3754 ex
1272 3706 1302 3754 M
1337 3707 1473 3769 scripserit,

476 3789 591 3829 correcto
612 3779 749 3830 Corbachii
777 3789 871 3826 errore.
907 3773 940 3821 In
963 3773 1023 3821 libri
1045 3773 1151 3822 XXXV
1171 3790 1227 3838 cap.
1253 3780 1285 3823 26
1305 3776 1359 3823 hac
1384 3775 1472 3825 ssolo

475 3849 506 3896 Μ
527 3857 599 3899 sunt:
637 3856 647 3899 l
665 3849 796 3913 passusque
823 3842 963 3906 (tribuque
982 3850 1007 3890 et
1025 3843 1132 3904 similis)
1155 3849 1170 3892 2
1190 3844 1275 3892 harum
1294 3861 1410 3893 novaram
1428 3862 1473 3892 aa·

476 3920 539 3968 vium
550 3955 574 3968 ..
592 3928 619 3968 ut
636 3919 732 3981 (barum
743 3920 952 3964 moooommmm
962 3911 1079 3972 naviam);
1098 3912 1149 3962 ibd.
1168 3913 1240 3962 sima!
1256 3922 1282 3962 ut
1298 3913 1402 3977 (siaul),
1418 3914 1471 3963 ind.

475 3987 609 4037 simulacris
629 3985 712 4050 (simul
719 3985 830 4034 Actaeut
837 3984 869 4042 1),
890 3987 905 4029 3
925 3979 962 4029 vei
979 3997 1022 4029 usa
1041 3982 1119 4043 (asu),
1139 3986 1153 4030 5
1173 3983 1280 4047 iqaoras.
1319 3981 1402 4032 Nauis
1420 3992 1474 4032 erat

476 4059 561 4119 (om),
585 4058 637 4106 ibd.
658 4055 769 4106 Niooeam
795 4049 924 4115 (Nicotaus
943 4058 969 4098 et
987 4049 1101 4114 similis),
1127 4056 1141 4099 6
1153 4052 1243 4115 fuerat
1259 4052 1320 4101 euim
1339 4053 1414 4115 (om,
1435 4066 1473 4101 re·

475 4129 538 4176 licto
556 4127 622 4175 iuB
647 4125 739 4190 spatio,
757 4122 844 4170 addito
862 4120 914 4168 ulio
932 4120 959 4167 iu
978 4119 1126 4182 vulgaribus
1144 4121 1255 4185 errore),
1278 4126 1294 4170 9
1312 4120 1474 4185 spccrriotorio

477 4196 647 4259 (paratoria).
693 4192 820 4241 Praeterea
844 4189 867 4238 B
891 4189 905 4250 ξ
928 4193 944 4236 4
971 4203 1021 4240 cm.
1050 4186 1135 4248 Creta,
1159 4204 1241 4239 vacuo
1267 4191 1349 4254 spatio
1374 4192 1473 4240 relicto.

478 4266 567 4315 Tacite
593 4265 633 4314 his
657 4262 776 4311 omnibus
802 4259 866 4309 locis
896 4254 1064 4318 Moguntinus
1089 4261 1224 4322 probatum
1251 4260 1311 4308 dein
1336 4261 1421 4310 subito
1449 4261 1474 4308 in

477 4335 593 4399 proximo
612 4333 758 4394 suspiceres
777 4329 894 4378 homiues
914 4328 987 4376 fiunt.
