3484 5025
580 530 658 582 Liber
673 530 788 582 xxm
822 530 870 597 (A.
889 528 937 581 ch.
952 533 1023 596 197.)
1211 585 1214 599 ,
1239 534 1277 592 83

260 726 291 772 nt
317 715 469 791 extemplo
499 716 634 773 transiret
662 718 819 791 urbemque
847 718 987 785 traderet,
1022 716 1063 773 ita
1093 716 1256 792 respondit,
1287 723 1319 773 ut

259 823 404 880 distulisse
434 841 497 879 rem
530 822 623 897 magis
653 841 739 897 qnam
769 842 892 899 negasse
919 824 1073 881 videretur.
1126 824 1156 879 A
1180 819 1348 881 Corintho'l

260 928 412 1001 Quinctius
447 929 619 1004 Anticyram
655 929 780 999 traiecit3
822 930 889 986 inde
927 929 1045 987 fratrem
1082 929 1118 985 ad
1152 927 1318 984 tentandam

259 1036 450 1091 Acarnanum
478 1043 591 1108 gentem
620 1034 706 1095 misit.
765 1035 884 1092 Attalus
911 1036 948 1091 ab
977 1035 1066 1109 Argis
1094 1034 1245 1110 Sicyonem
1276 1037 1349 1095 est8

258 1138 415 1213 profectus.
467 1140 514 1196 Ibi
536 1150 564 1197 et
585 1140 686 1197 civitas
707 1142 790 1198 novis
807 1141 965 1197 honoribus
980 1150 1091 1197 veteres
1105 1140 1181 1214 regis
1194 1140 1318 1196 honores

263 1244 352 1315 anxit,
385 1254 416 1301 et
443 1264 496 1301 rex
524 1246 561 1301 ad
586 1246 630 1317 id,
663 1247 740 1321 qnod
769 1265 881 1304 sacrum
910 1247 1054 1322 Apollinis
1084 1264 1184 1320 agrum
1215 1242 1318 1319 grandi

263 1350 406 1423 qnondam
429 1351 552 1426 pecnnia
572 1352 734 1409 redemerat
753 1353 801 1423 iis,
830 1365 890 1409 mm
922 1372 1052 1427 quoque,
1081 1371 1117 1409 ne
1138 1352 1199 1408 sine
1220 1351 1347 1425 aliqna9

263 1456 454 1513 munificentia
475 1458 633 1532 preteriret
653 1457 797 1514 civitatem
819 1459 928 1516 sociam
950 1467 1037 1533 atque
1059 1458 1196 1529 amicam,
1218 1458 1316 1515 decem

261 1558 367 1616 talenta
387 1562 502 1636 argenti
524 1562 599 1619 dono
623 1564 701 1619 dedit
724 1576 752 1620 et
769 1565 866 1621 decem
884 1564 972 1620 millia
986 1564 1158 1621 medimnum
1173 1563 1316 1634 frumeuti,

263 1672 346 1739 utque
363 1666 406 1723 ita
418 1665 581 1724 Cenchreas
596 1668 632 1724 ad
648 1688 737 1725 naves
754 1669 846 1730 rediit.
894 1671 933 1727 Et
943 1669 1047 1739 Nabis,
1058 1671 1171 1727 firmato
1183 1670 1315 1745 praesidio
1331 1675 1368 1731 10

220 1797 221 1802 ¹
265 1772 358 1847 Argis,
380 1773 618 1830 Lacedaemonem
638 1793 795 1848 regressus,
818 1795 904 1850 quum
922 1776 984 1851 ipse
997 1776 1075 1832 viros
1097 1776 1257 1851 spoliasset,
1278 1775 1316 1833 ad

220 1829 230 1942 l
267 1875 380 1935 feminas
407 1879 575 1954 spoliandas
603 1899 722 1937 uxorem
743 1883 843 1956 Argos
864 1882 981 1939 remisit.
1025 1882 1072 1939 Ea
1093 1900 1168 1939 nune
1188 1882 1316 1957 singulas
1331 1886 1365 1943 ll

220 1953 237 2026 l
269 1981 400 2055 illustres,
428 2002 504 2042 nune
532 1984 618 2040 simul
640 1986 737 2061 plures
767 2006 872 2062 genere
900 1987 973 2044 inter
1002 2006 1034 2044 se
1061 1986 1172 2044 iunctas
1198 1987 1314 2044 domum

237 2121 247 2150 .·
275 2090 432 2147 tutataendo
454 2090 686 2166 blandiendoque
708 2112 743 2150 ac
763 2094 915 2163 minando,
946 2110 1004 2149 nun
1033 2112 1133 2149 aurum
1163 2093 1316 2163 moeniis,

239 2237 242 2244 .
277 2192 318 2249 sad
341 2205 485 2271 postremo
518 2206 626 2254 vestem
651 2216 766 2273 quoque
795 2200 989 2274 mundumque
1012 2217 1125 2255 omnem
1148 2198 1315 2256 muliebrem

239 2295 246 2336 ἶ
279 2296 375 2361 ademit
