3484 5025
416 538 495 587 Liber
511 538 638 588 XXXIV.
676 540 720 600 (A.
733 536 782 590 ch.
799 541 870 603 les.)
1077 548 1128 601 171

274 722 446 779 comnibus
468 740 648 797 responsum.
697 720 770 780 Cum
795 724 942 781 Antiocho
968 722 1037 797 quie
1060 722 1205 796 longiori

273 844 281 880 t
303 835 381 896 erat,
405 827 504 883 decem
525 827 646 901 legatis,
668 845 790 901 quorum
812 848 882 903 pars
904 828 1006 886 autin
1028 827 1103 883 Asis
1124 836 1175 884 sut

273 931 302 986 ite
333 931 411 1005 apud
439 949 537 1006 regem
557 931 687 1003 fuerent,
717 934 852 1009 delegate
878 942 931 995 est.
979 933 1017 991 Τ.
1039 931 1205 1005 Quinctioo
1251 943 1254 948 ’

273 1057 295 1107 ι,
329 1044 362 1093 ut
394 1036 530 1093 adhibitis
561 1035 597 1094 iis
629 1037 791 1112 legatorum
822 1038 901 1113 regis
933 1038 1025 1095 verbs
1061 1036 1175 1093 audiret

273 1149 358 1213 etque
383 1140 434 1209 iis,
465 1160 533 1215 quse
564 1161 603 1200 ex
635 1142 776 1217 dignitate
807 1151 896 1217 atque
923 1142 1047 1199 utilitate
1074 1141 1175 1216 populi

273 1246 438 1319 responderi
464 1257 591 1321 possent.
645 1247 802 1323 Menippus
830 1257 860 1305 et
881 1248 1070 1323 Hegesianax
1094 1248 1205 1323 prin-6

273 1350 304 1405 ise
331 1349 486 1425 legationis
517 1360 607 1409 erant.
653 1352 703 1409 Ex
729 1352 765 1409 iis
794 1353 951 1428 Menippus
978 1352 1116 1427 ignorare
1141 1372 1174 1411 se

275 1455 362 1511 dnem
384 1456 517 1531 perplexi
536 1474 592 1513 sus
614 1456 723 1532 legatio
744 1460 874 1527 heberet,
897 1476 985 1532 quum
1006 1458 1173 1533 simpliciter

273 1559 335 1615 iem
366 1560 521 1634 petendam
549 1562 783 1637 iungendamque
815 1561 984 1617 societatem
1016 1562 1171 1619 venissent.

273 1682 300 1719 m
324 1663 380 1719 trie
398 1682 508 1738 genere
526 1664 678 1736 foederum,
700 1666 805 1740 quibus
824 1666 899 1723 iuter
912 1684 945 1723 se
959 1666 1202 1740 paciscerentur?

273 1768 404 1826 civitates
419 1789 576 1845 regesque:
591 1760 800 1846 enumquam
820 1771 896 1828 bello
911 1771 996 1828 vietis
1010 1772 1173 1829 dicerentur

273 1875 276 1927 ζ
298 1871 373 1927 enim
397 1875 497 1931 omnia
517 1876 552 1945 ei,
575 1876 625 1948 qui
640 1876 728 1933 armis
744 1877 810 1952 plus
825 1883 932 1951 posset,
955 1876 1052 1933 dedita
1068 1884 1173 1945 essent,

275 1978 418 2035 shabere
439 1979 541 2050 victos,
570 1967 675 2056 quibus
697 1981 813 2038 multari
834 2000 885 2039 eos
907 1982 985 2050 velit,
1014 1981 1106 2056 ipsius
1126 1980 1172 2038 ius

274 2081 369 2138 itrium
391 2101 470 2153 esse3
498 2085 630 2156 alterum,
653 2104 740 2160 quum
763 2104 849 2162 pares
870 2084 948 2142 bello
964 2104 1047 2159 aequo
1063 2084 1202 2147 foedere8

285 2196 373 2261 atque
396 2188 552 2245 amicitiam
577 2190 724 2260 venirent3
746 2201 815 2248 tunc
837 2190 913 2247 enim
927 2191 1020 2266 repeti
1033 2190 1172 2264 reddique

273 2293 404 2349 ntionem
431 2312 477 2350 res
506 2305 549 2363 et,
580 2294 605 2351 si
637 2314 760 2369 querum
789 2297 907 2353 turbate
927 2295 1005 2352 bello
1027 2296 1171 2370 possessio

273 2406 322 2453 eut
342 2417 380 2454 ex
401 2397 528 2455 formula
548 2399 619 2456 iuris
642 2399 754 2472 antiqui
776 2409 827 2457 eut
848 2418 886 2456 ex
909 2398 1002 2474 partis
1023 2400 1173 2473 utriusque

286 2503 435 2578 componi3
465 2505 580 2562 tertium
603 2523 666 2562 esse
687 2522 793 2581 genus,
822 2522 926 2578 quum,
955 2505 1005 2578 qui
1025 2502 1204 2580 nunqusmi)

273 2607 345 2676 erint,
368 2609 406 2664 ed
429 2609 584 2666 amicitiem
606 2610 707 2668 sociali
728 2608 927 2666 ioedereinter
947 2608 1172 2685 seiungendum

273 2731 307 2768 os
334 2731 430 2786 neque
452 2713 547 2770 dicere
567 2731 662 2786 neque
683 2713 815 2787 occipere
835 2713 928 2788 leges3
959 2714 989 2771 id
1016 2715 1091 2771 enim
1114 2715 1173 2774 vic-

273 2817 341 2874 victi
369 2835 441 2874 esse.
500 2819 549 2874 Ex
576 2836 612 2874 eo
643 2835 749 2891 genere
778 2836 865 2892 quum
896 2819 1070 2888 Antiochus,
1088 2829 1173 2891 esset,
1189 2819 1224 2873 10

273 2962 290 2992 .,
325 2922 404 2994 quod
433 2922 560 2979 Romani
593 2940 707 2995 aequum
740 2933 878 2980 censeant
905 2925 984 2999 leges
1014 2924 1041 2981 ei
1069 2925 1174 2995 dicere,

273 3044 295 3081 es
324 3026 437 3083 urbium
474 3026 580 3084 liberes
612 3036 641 3083 et
672 3027 829 3097 immunes,
865 3045 940 3101 quas
968 3029 1173 3104 stipendiarias

273 3140 309 3199 ης
348 3149 422 3203 quas
455 3131 564 3187 intrare
596 3131 732 3205 praesidis
757 3131 842 3204 regie
872 3149 1031 3206 regemque
1065 3143 1172 3192 vetent.

273 3234 347 3310 lippo
376 3235 452 3292 enim
479 3237 564 3292 hoste
584 3254 704 3310 pacem,
734 3253 793 3291 non
820 3253 884 3292 cum
908 3236 1056 3294 Antiocho
1077 3238 1172 3295 emico
1190 3238 1224 3292 ll

292 3338 386 3396 foedus
426 3339 469 3395 ite
500 3340 687 3397 sanciendum
726 3357 797 3397 esse.
856 3340 906 3396 Ad
937 3358 973 3396 es
1006 3339 1172 3413 Quinctius:
1225 3333 1270 3402 58

273 3465 278 3500 ι
300 3443 385 3499 vobis
408 3442 540 3500 distincte
562 3463 649 3520 egere
673 3445 744 3501 libet
771 3453 800 3502 ot
829 3462 937 3518 genere
962 3443 1171 3517 iungendarum

273 3566 305 3604 m
327 3553 516 3619 enumerare‚'
540 3567 594 3624 ego
618 3566 734 3622 quoque
755 3549 828 3605 duas
850 3547 1034 3606 condiciones
1055 3565 1175 3622 ponem,

273 3669 303 3707 es
332 3651 441 3708 nullam
469 3671 533 3710 esse
562 3653 624 3728 regi
650 3653 786 3710 nuntietis
808 3653 943 3710 amicitis
972 3669 1036 3709 cum
1066 3651 1175 3727 populo

273 3756 427 3830 iungendae‚
454 3776 552 3828 unam,
583 3757 609 3814 si
629 3775 683 3814 nos
704 3757 792 3828 nihil,
819 3759 899 3832 quod
927 3757 966 3814 ed
987 3758 1073 3814 urbes
1095 3757 1206 3815 Asiaer

273 3879 359 3917 urere
379 3862 463 3932 velit,
491 3871 573 3920 utet
599 3862 661 3936 ipse
689 3862 768 3918 omni
795 3863 917 3936 Europa
945 3861 1104 3931 abstineam
1131 3860 1205 3920 etl-3

273 3968 277 4022 ἰ
303 3984 335 4022 se
364 3965 413 4022 ille
434 3967 515 4024 Asiae
543 3966 648 4022 finibus
676 3985 734 4022 non
757 3967 953 4022 continoetct
971 3964 1003 4021 in
1024 3966 1175 4040 Europam

273 4080 313 4140 et,
343 4080 375 4126 ut
403 4079 434 4127 et
453 4071 595 4128 Romanis
623 4070 669 4127 ius
689 4069 729 4126 sit
748 4071 831 4128 Asius
851 4052 1010 4127 ciuitatium
1032 4069 1175 4127 amicitias

292 4194 366 4249 ques
388 4177 525 4244 habeant,
557 4185 586 4233 et
607 4184 700 4232 novas
722 4175 903 4249 complecti.“
947 4175 1115 4232 ‚Enimvero
1144 4175 1207 4232 id4

273 4280 330 4337 ism
359 4280 456 4338 dicere
483 4279 633 4356 indignum
663 4298 727 4338 esse
746 4280 952 4356 Hegesmem
966 4322 968 4327 s
982 4279 1117 4337 Thraciae
1147 4288 1176 4337 et
