3484 5025
595 502 674 552 Liber
690 501 804 552 XXXII.
841 501 892 564 (A.
906 499 954 552 Ch.
971 502 1043 564 198.)
1268 507 1303 564 61

290 684 315 742 in
340 694 538 744 constructam
569 685 711 744 densitate
734 684 894 760 ¹clipeorum
929 685 1100 743 testudinem
1122 685 1249 744 Romani
1284 685 1350 761 pilis
1433 731 1437 738 .

292 773 483 866 nequicquam*
504 790 618 849 emissis
641 810 727 865 quum
750 790 934 847 strinxissent
954 790 1084 865 gladios,
1105 808 1198 864 neque
1213 790 1351 866 congredi
1367 788 1401 843 14

294 897 402 971 propius
416 914 513 971 neque
531 895 690 971 praecidere
713 896 814 976 hastas
835 905 981 970 poterant,
1005 905 1032 953 et
1045 895 1069 953 si
1085 914 1171 970 quam
1185 895 1352 953 incidissent

297 1010 337 1057 aut
359 1000 590 1076 praefregissent,
621 998 725 1056 hastile
754 998 919 1075 fragmento
949 1000 1014 1075 ipso
1036 1010 1121 1058 acuto
1143 1000 1218 1057 inter
1238 999 1352 1076 spicula

298 1105 459 1182 integrarum
482 1105 632 1163 hastarum
655 1103 734 1161 velut
755 1105 864 1161 vallum
882 1106 1032 1180 explebat.
1077 1104 1128 1163 Ad
1149 1106 1205 1164 hoa
1226 1116 1254 1161 et
1277 1104 1350 1161 muri
1368 1102 1402 1158 15

300 1229 354 1285 pars
368 1211 588 1284 adhucintegra
601 1218 726 1284 utraque
740 1220 804 1267 tuta
826 1212 984 1286 praestabat
1005 1210 1107 1282 latera,
1129 1229 1181 1267 nee
1204 1229 1240 1267 ex
1261 1210 1350 1285 longo

303 1307 446 1389 spatio'nnt
460 1316 619 1373 cedendum
632 1323 683 1371 aut
693 1315 817 1389 impetus
830 1314 980 1373 faciendus
991 1326 1063 1385 erat,
1086 1334 1150 1391 qnae
1171 1334 1217 1372 res
1234 1316 1351 1372 turbare

305 1421 398 1477 ordines
424 1419 509 1477 solet.
554 1419 688 1478 Accessit
715 1420 801 1477 etiam
827 1419 948 1477 fortuita
976 1438 1023 1477 res
1049 1421 1087 1478 ad
1116 1421 1228 1477 animos
1250 1439 1349 1477 eorum
1367 1416 1403 1472 16

305 1526 456 1596 firmandos3
478 1544 547 1581 uam
571 1545 660 1600 quum
684 1525 771 1582 turris
795 1544 848 1600 per
875 1542 1012 1599 aggerem
1035 1528 1139 1600 palum
1163 1525 1275 1582 densati
1296 1525 1351 1582 soli

308 1640 530 1706 ageretur„rota
557 1649 617 1687 una
647 1630 677 1687 in
706 1630 840 1687 altiorem
873 1631 997 1688 orbitam
1026 1632 1164 1705 depressa
1185 1630 1226 1686 ita
1247 1628 1350 1686 turrim
1366 1628 1401 1682 17

308 1735 446 1808 inclinavit,
476 1744 508 1792 nt
530 1721 655 1811 speciem
677 1736 787 1793 ruentis
809 1735 943 1792 hostibus
968 1735 1247 1811 trepidationemque
1268 1740 1285 1810 †
1306 1725 1350 1794 iu·

308 1857 386 1897 unam
408 1841 643 1917 superstantibus
665 1841 785 1898 armatis
807 1841 973 1916 praebuerit.

360 1945 562 2021 Quumparum
573 1946 913 2020 quicquamsuccederet,
923 1945 1024 2001 consul
1033 1944 1241 2021 minimeaequo
1251 1946 1348 2004 animo
1403 1934 1445 2004 18

261 2079 264 2148 q
309 2052 535 2126 conparationem
558 2050 680 2108 militum
714 2050 887 2125 generisque
910 2068 1056 2106 armorum
1080 2051 1142 2108 fieri
1156 2051 1349 2125 'patiebatur3

261 2159 263 2236 i
310 2155 373 2215 unul
399 2174 454 2213 nec
482 2166 627 2212 maturam
655 2154 842 2230 expugnandi
868 2172 949 2228 spem
972 2173 1025 2212 uec
1046 2158 1188 2213 rationem
1211 2155 1314 2231 procul
1334 2153 1383 2212 αἳ

311 2261 403 2317 uariat
416 2261 447 2318 in
463 2261 603 2318 evastatis
614 2259 681 2317 belli
697 2260 827 2317 cladibus
842 2260 914 2316 locis
925 2259 1095 2316 hibernandi
1107 2260 1195 2317 ullam
1208 2262 1353 2321 cernebat.

261 2736 263 2761 1
279 2761 288 2772 ο

261 2764 264 2857 1

309 2363 392 2440 ltaque
411 2366 514 2424 relicta
536 2365 701 2435 obsidione,
725 2366 794 2439 quia
814 2365 910 2422 nullus
933 2364 962 2422 in
984 2376 1047 2422 tota
1067 2364 1244 2423 Acarnania
1265 2364 1383 2440 atque3

309 2472 406 2531 llltoliae
435 2491 489 2531 ora
517 2479 619 2546 portus
648 2479 726 2541 erat,
755 2471 805 2546 qui
826 2469 962 2528 simulet
985 2488 1084 2528 omnes
1107 2470 1266 2539 onerarias,
1289 2488 1353 2546 quae

308 2590 480 2637 commeatum
493 2576 632 2634 exercitui
644 2578 811 2650 portabant,
832 2588 950 2652 caperet
961 2588 988 2635 et
1001 2587 1078 2635 tecta
1093 2579 1132 2634 ad
1142 2577 1353 2634 hibernandum
1379 2624 1382 2629 .

309 2679 447 2758 legionibus
469 2684 620 2758 praeberet,
642 2682 785 2759 Anticyra
806 2683 836 2740 in
848 2684 988 2754 Phocide,
1010 2684 1040 2740 in
1063 2682 1245 2741 Corinthium
1267 2683 1384 2740 versat

309 2785 392 2859 tinum,
414 2789 451 2844 ad
473 2787 503 2844 id
524 2787 770 2864 opportunissime
791 2788 847 2845 sita
868 2788 947 2859 visa,
970 2789 1040 2862 quia
1061 2808 1114 2846 nec
1135 2788 1238 2864 procul
1259 2789 1353 2845 Thes·

309 2891 365 2950 suia
390 2893 575 2968 hostiumque
605 2894 678 2951 locis
708 2896 825 2965 aberat,
855 2901 885 2950 et
912 2912 949 2950 ex
971 2895 1095 2952 adverso
1117 2893 1383 2967 Peloponnesum5

310 2996 395 3072 exigno
416 2999 506 3056 maris
521 3000 616 3075 spatio
632 2999 766 3069 divisam,
788 2999 826 3056 ab
837 3009 920 3073 tergo
931 3000 1076 3057 AEtoliam
1087 2999 1354 3072 Acarnanumque,
1396 3072 1400 3085 ι

264 3100 266 3111 “
310 3100 339 3156 ab
354 3103 487 3162 lateribus
509 3105 663 3162 Locridem
691 3123 727 3161 ao
748 3104 893 3162 Boeotiam
919 3106 1055 3166 habebat.
1098 3104 1237 3164 Phocidis
1259 3104 1384 3179 primos

311 3201 397 3279 inpetu
408 3209 592 3265 Phanoteam
604 3208 667 3265 sine
678 3208 835 3265 certamino
847 3210 931 3282 cepit.
974 3211 1117 3286 Anticyra
1131 3208 1211 3267 haud
1233 3209 1354 3265 multum

311 3314 485 3387 oppugnando
520 3332 610 3371 moras
639 3314 771 3388 praebuit.
831 3288 1092 3390 Ambrysus‘inde
1123 3311 1384 3388 Hyampolisquo7

311 3430 421 3492 recepta,
473 3417 595 3489 Daulis,
625 3419 694 3492 quia
716 3419 746 3476 in
768 3420 879 3477 tumulo
901 3419 1016 3476 excelso
1039 3420 1095 3476 sita
1117 3428 1169 3488 est,
1190 3438 1244 3474 nec
1268 3417 1355 3474 scalis

312 3535 351 3577 neo
367 3525 500 3599 operibus
516 3523 587 3598 capi
609 3533 734 3598 poterat.
784 3526 970 3583 Lacessendo
993 3523 1149 3580 missilibus
1171 3540 1239 3607 eos,¹
1253 3522 1302 3594 qui
1325 3520 1386 3579 in8

312 3629 423 3696 presidio
446 3638 538 3699 eraut,
560 3646 649 3703 quum
672 3628 710 3685 ad
732 3630 917 3686 excursiones
939 3628 1112 3698 elicuissent,
1133 3627 1303 3702 refugiendo
1325 3628 1355 3684 in

313 3727 384 3789 vicem
414 3735 622 3809 sequendoque
654 3746 683 3792 et
708 3735 821 3792 levibns
856 3735 919 3791 sine
951 3732 1053 3790 effectu
1085 3734 1290 3813 certaminibus
1320 3753 1355 3791 eo
1420 3778 1425 3787 ,

314 3835 470 3912 negligentiae
492 3848 521 3895 et
543 3851 725 3916 contemptus
747 3841 941 3908 adduxerunt,
965 3847 995 3895 ut
1017 3856 1081 3893 cum
1103 3837 1311 3914 refugientibus
1325 3838 1355 3895 in

315 3951 404 4008 ponam
428 3938 565 4020 permixti
586 3946 725 4020 impetum
747 3945 873 4004 Romani
896 3945 1032 4003 facerent.
1076 3944 1116 4002 Et
1138 3944 1196 4001 alia
1216 3943 1386 4018 ignobiliai)

316 4049 411 4107 tttlella
438 4051 578 4108 Phocidis
608 4060 720 4108 terrore
748 4051 841 4126 magis
873 4069 961 4124 quam
991 4049 1080 4106 armis
1118 4049 1147 4105 in
1181 4056 1354 4124 potestatem

316 4163 444 4229 lammam
460 4158 568 4217 Elatea
577 4157 682 4215 clausit
695 4167 807 4232 portas,
828 4174 892 4224 nec,
906 4155 962 4211 nisi
974 4155 1005 4211 vi
1015 4163 1195 4229 cogerentur,
1211 4151 1357 4227 recepturi

317 4259 432 4320 amitus
455 4261 630 4337 videbantur
651 4271 702 4319 aut
724 4262 826 4319 ducem
849 4269 900 4318 aut
922 4259 1080 4318 exercitum
1101 4261 1277 4317 Romanum.
