3484 5025
485 533 544 590 220
737 529 816 578 Liber
834 528 947 578 XXXV.
984 526 1034 589 (Δ.
1050 541 1073 576 u
1089 540 1114 580 o.
1127 527 1201 590 aad.)

443 734 507 791 quat
525 713 636 771 Lamiae
656 721 774 786 repente
795 710 893 785 colligi
912 711 1015 786 potuit,
1036 712 1156 769 nonita
1168 712 1278 770 multos
1288 711 1406 771 AEtolos
1417 712 1454 770 ds

412 832 430 887 8
443 820 546 880 Achai
562 817 712 894 quingenti
728 826 755 874 et
768 818 806 875 ab
820 817 951 874 Eumene
971 834 1041 892 rege
1059 816 1207 874 modicum
1225 816 1368 876 auxilium

444 928 516 985 duce
538 923 701 982 Xenoclide
722 920 921 993 Chalcidensi,
953 922 1081 981 nondum
1111 922 1239 980 obsessis
1270 922 1454 982 itineribtst

412 1029 615 1105 iltransgressi
637 1029 789 1104 Euripum,
811 1025 978 1086 Chalcidem
1002 1037 1202 1103 pervenerunt
1250 1029 1380 1087 Romani
1400 1027 1454 1086 mili

444 1135 592 1211 quingenti
606 1134 698 1192 ferme
712 1144 742 1192 et
752 1133 818 1210 ipsi,
833 1152 922 1207 quum
933 1133 991 1191 iam
1004 1133 1159 1209 Menippus
1173 1142 1275 1192 castra
1290 1132 1454 1210 anteSslgu

443 1242 481 1299 ed
496 1243 673 1311 Hermaeum,
696 1231 754 1313 q⁰ua
774 1238 913 1296 transitus
932 1258 969 1296 ex
983 1238 1101 1297 Boeotis
1118 1239 1148 1297 in
1160 1240 1308 1297 Enboeam
1322 1238 1454 1298 insulem*

395 1348 573 1417 rehaberet,
593 1355 743 1403 venerunt.
788 1343 930 1419 Micythio
953 1352 1016 1401 erat
1037 1363 1102 1403 cum
1123 1345 1168 1416 iis,
1189 1345 1307 1421 legatus
1324 1344 1364 1401 ab
1379 1340 1454 1402 Chele

397 1458 427 1512 ll
445 1454 482 1510 ad
504 1451 670 1526 Quinctium
693 1449 782 1506 adid
803 1449 899 1524 ipsum
921 1450 1087 1524 presidium
1108 1452 1266 1526 petendum
1289 1452 1401 1511 missus.
1450 1460 1454 1500 t

443 1566 599 1633 postquam
620 1557 657 1613 ab
675 1556 808 1613 hostibus
825 1556 961 1613 obsessas
980 1554 1081 1615 fauces
1096 1556 1178 1626 vidit,
1200 1556 1312 1615 omisso
1328 1557 1366 1613 ad
1380 1556 1454 1615 Aulil

445 1663 556 1733 itinere,
580 1662 696 1719 Delium
721 1660 872 1731 convertit,
896 1658 956 1737 [ut]
977 1662 1045 1719 inde
1064 1663 1095 1719 in
1115 1662 1260 1720 Euboeam
1283 1664 1454 1720 transmissu

348 1770 386 1836 51
446 1767 601 1842 Templum
622 1776 665 1823 est
681 1766 826 1842 Apollinis
841 1767 969 1837 Delium,
989 1768 1142 1825 imminens
1163 1768 1256 1837 mari3
1278 1768 1454 1844 quinqueni

446 1892 585 1950 passuum
610 1873 648 1929 ab
672 1874 813 1947 Tanagra
834 1874 931 1943 abest;
960 1873 1054 1931 minus
1083 1883 1222 1949 quattuor
1250 1873 1374 1931 millium
1397 1872 1454 1931 inde

415 1978 582 2054 2proxima
602 1979 722 2035 Euboeae
743 1985 787 2034 est
808 1979 882 2035 mari
903 1979 1048 2038 traiectus.
1096 1980 1156 2039 Ubi
1185 1988 1215 2037 et
1240 1981 1271 2037 in
1297 1979 1371 2037 fano
1393 1980 1454 2037 luco

446 2104 482 2143 ea
502 2084 642 2160 religione
664 2094 693 2141 et
714 2101 749 2140 eo
771 2083 833 2140 iure
854 2093 973 2155 sancto,
1005 2103 1066 2157 quo
1095 2094 1163 2141 sunt
1187 2086 1316 2160 templa,
1349 2103 1412 2159 qua
1431 2102 1454 2142 at

446 2191 543 2250 Graeci
558 2190 715 2266 appellant,
737 2198 767 2245 et
786 2190 915 2246 nondum
938 2200 989 2246 aut
1009 2189 1116 2247 indicto
1135 2191 1212 2248 bello
1228 2202 1282 2247 aut
1294 2192 1340 2247 ita
1352 2190 1454 2247 commi

414 2293 477 2354 3ut
497 2297 613 2354 strictos
641 2294 755 2370 gladios
783 2304 835 2352 aut
862 2295 1033 2369 sanguinem
1062 2312 1186 2368 usquam
1216 2294 1330 2353 iactum
1362 2295 1454 2353 audias

446 2422 533 2478 quum
564 2422 615 2477 per
644 2419 781 2475 magnum
811 2400 901 2456 otium
931 2400 1035 2457 milites
1063 2400 1112 2456 alii
1137 2400 1175 2456 ad
1196 2401 1396 2475 spectaculum
1418 2411 1454 2458 tes

444 2509 559 2583 lucique
580 2507 672 2575 versi,
702 2505 751 2562 alii
779 2505 809 2562 in
837 2505 922 2562 litore
943 2506 1067 2563 inermes
1088 2515 1283 2580 vagarentur,
1310 2527 1420 2584 magna
1445 2526 1454 2584 1

415 2618 498 2688 Aper
539 2632 625 2688 agros
666 2611 807 2685 lignatum
848 2613 1077 2687 pabulatumque
1113 2612 1227 2687 dilapsa
1263 2623 1359 2683 esset,
1402 2633 1454 2690 rep

445 2719 601 2794 Menippus
638 2718 753 2792 palatos
787 2717 897 2792 passim
931 2736 1085 2793 aggressus
1116 2724 1186 2791 'reos
1208 2718 1330 2788 cecidit,
1370 2721 1407 2777 ed
1433 2737 1454 2793 q

446 2824 586 2897 quaginta
606 2823 690 2879 vivos
713 2823 802 2896 cepit3
832 2823 971 2908 perpauci
994 2821 1164 2898 effugerunt,
1187 2824 1216 2879 in
1240 2823 1348 2897 quibus
1370 2825 1454 2900 Micyt

415 2933 538 3004 bperva
559 2929 694 2985 oneraria
714 2947 790 2985 nave
811 2938 959 3003 exceptus.
1021 2930 1068 2986 Ea
1089 2947 1135 2986 res
1158 2928 1295 3002 Quinctio
1320 2929 1454 2987 Romanis

445 3034 517 3090 sicut
546 3033 659 3090 iactura
687 3034 808 3091 militum
838 3032 977 3101 molesta,
1005 3032 1047 3090 ita
1076 3033 1113 3089 ad
1135 3034 1180 3090 ius
1202 3033 1350 3091 inferendi
1371 3034 1454 3092 Antio

415 3138 512 3196 libelli
536 3138 676 3196 adiecisse
696 3139 876 3213 aliquantum
900 3139 1062 3195 videbatur.
1116 3140 1298 3208 Antiochus,
1332 3140 1448 3197 admoto

447 3245 582 3302 Aulidem
601 3245 737 3311 exercitu,
761 3263 848 3317 quum
871 3262 971 3300 rursus
990 3253 1120 3300 oratores
1137 3245 1243 3318 partim
1264 3263 1302 3300 ex
1320 3246 1391 3315 suis,
1413 3263 1454 3320 pet

445 3349 565 3406 AEtolos
580 3347 746 3425 Chalcidem
769 3349 911 3418 misisset,
941 3349 990 3422 qui
1012 3349 1112 3404 eadem
1134 3349 1199 3417 illa,
1227 3367 1293 3422 quae
1316 3369 1425 3424 nuper,
1449 3369 1454 3404 t

448 3456 532 3512 minis
558 3455 741 3530 gravioribus
764 3463 899 3528 agerent,
928 3455 1120 3528 nequicquam
1151 3463 1253 3511 contra
1282 3455 1454 3531 Micythione

447 3560 608 3618 Xenoclide
630 3559 821 3628 tendentibus,
843 3559 929 3616 facile
950 3560 1057 3627 tenuit,
1080 3567 1113 3614 ut
1135 3568 1227 3633 portae
1248 3559 1305 3616 sibi
1328 3561 1454 3636 aperires

310 3740 317 3747 .
415 3673 430 3724 7
446 3665 503 3738 Qui
515 3667 655 3722 Romame
666 3665 758 3739 partis
772 3673 864 3732 erant,
884 3665 937 3721 sub
957 3665 1111 3720 adventum
1130 3663 1207 3737 regis
1227 3666 1300 3722 urbe
1322 3682 1454 3723 excessert

445 3771 620 3827 Achaeorum
657 3780 686 3828 et
724 3769 863 3826 Eumenis
898 3768 1002 3825 milites
1039 3767 1185 3841 Salganea
1219 3769 1374 3838 tenebant,
1420 3778 1444 3824 et

445 3874 557 3950 Euripo
585 3874 735 3932 castellum
760 3875 887 3932 Romani
919 3875 1024 3930 milites
1057 3872 1143 3948 pauci
1171 3873 1311 3931 custodiae
1343 3871 1454 3933 eanssl

415 3981 686 4040 Scommuniebaut.
733 3979 880 4055 Salganea
896 3980 1059 4054 Menippus,
1080 3997 1133 4035 rex
1155 3978 1218 4052 ipse
1239 3980 1388 4036 castellum
1408 3977 1454 4034 Eu

445 4102 616 4159 oppugnare
647 4096 691 4142 est
719 4086 849 4144 adortus.
904 4085 1021 4142 Priores
1052 4083 1153 4141 thaei
1186 4094 1214 4140 et
1242 4085 1380 4141 Eumenis
1405 4077 1454 4138 mili

444 4191 530 4264 pacti,
542 4199 574 4246 ut
583 4191 645 4248 sine
656 4190 759 4247 fraude
769 4190 868 4247 liceret
880 4190 969 4260 abire,
981 4189 1115 4264 prasidio
1125 4199 1327 4258 excesaemnt3
1338 4185 1454 4265 meires
