3484 5025
880 492 898 537 1

364 718 366 721 ,
439 675 511 730 Haec
533 692 620 747 quom
640 673 761 742 itus-siun,
781 673 922 747 sequitur,
943 684 974 729 ut
995 673 1053 729 ient
1073 690 1162 747 cupre
1183 673 1252 743 dixi,
1276 685 1307 729 ut
1328 674 1357 729 in
1379 675 1424 742 iis,

356 774 435 830 qoae,
464 775 552 830 quum
582 774 634 829 peu
664 774 696 812 se
725 755 813 812 dubie
842 756 913 821 sint,
944 756 1116 813 auctoritate
1144 756 1236 829 magis
1262 774 1348 830 qoem
1377 774 1423 812 er-

355 838 498 913 gumentis
537 838 740 905 conficiuntor,
785 839 974 913 Mogtrntiuus
1011 838 1220 912 Benrbergensi
1263 839 1426 912 ceterisque

355 919 550 996 proferendos
579 921 631 989 sit3
660 920 750 977 multo
778 920 893 993 quidem
917 921 1027 995 mugio,
1058 922 1107 976 ubi
1135 937 1172 976 ee
1199 921 1265 995 ipse
1291 937 1323 977 re
1344 938 1424 976 corn*

355 1003 503 1059 mendatio
533 1002 663 1060 accedet
724 1004 841 1076 liteque,
877 1014 908 1058 ut
935 1022 972 1059 ex
1001 1002 1106 1059 iisdem·
1131 1003 1261 1076 pertibus
1291 1003 1427 1076 exeutple

356 1104 519 1154 sumemus,
549 1096 578 1143 et
606 1085 765 1153 XXXIV,
795 1090 849 1154 46,
880 1090 894 1140 7
927 1088 966 1141 od
990 1087 1173 1158 pupuoudom
1195 1085 1338 1142 tenuimus
1359 1086 1429 1158 (M),

356 1186 414 1225 non
436 1170 474 1223 od
492 1186 626 1240 pupoom,
648 1168 727 1241 quod
748 1168 922 1224 secerneres
944 1187 960 1223 e
978 1168 1004 1224 B
1021 1167 1249 1241 vulgaribusque
1258 1179 1427 1242 posueruut,

356 1259 385 1307 et
406 1255 463 1319 47,
487 1251 505 1307 6
530 1254 607 1307 πίνω
626 1252 733 1306 coitum
749 1253 862 1306 moto
879 1261 921 1307 est
943 1251 980 1323 (B
994 1249 1093 1324 uulgg.
1107 1254 1232 1321 perstitit
1244 1252 1282 1305 od
1293 1248 1428 1322 uoibno)·;

356 1342 385 1389 et
400 1333 537 1403 XXXV,
560 1334 589 1402 2,
612 1337 629 1389 4
651 1351 704 1389 seu
723 1335 814 1388 miliia
835 1343 863 1389 et
879 1333 1127 1406 quoepiscopis
1145 1332 1291 1405 duoeuios)
1315 1343 1342 1389 et
1359 1335 1388 1401 3,
1408 1336 1429 1389 2

357 1417 486 1488 direrot,
519 1415 598 1489 quod
624 1434 677 1489 per
704 1432 736 1471 se
756 1415 863 1473 rectius
882 1418 940 1484 est,
972 1416 1129 1489 (ediceret)
1154 1425 1182 1471 et
1213 1420 1230 1471 b
1260 1416 1428 1472 emittebant

356 1498 526 1570 (mittebant)
537 1507 566 1554 et
582 1500 641 1567 b,9
657 1514 715 1553 uon
726 1499 849 1554 deinum
864 1498 1012 1570 (elapsum)
1032 1507 1060 1555 et
1080 1502 1108 1567 7,
1127 1500 1145 1553 2
1162 1498 1328 1569 obruebant,
1348 1498 1429 1571 quod

355 1589 476 1656 propter
498 1581 588 1636 bibero
610 1582 720 1651 imore,
743 1599 807 1654 quo
826 1580 946 1637 libertas
962 1582 1000 1637 ud
1017 1581 1173 1637 creditores
1188 1581 1321 1655 pertinet,
1344 1595 1429 1655 piene

356 1663 549 1719 necessarium
562 1674 614 1732 est,
636 1663 852 1736 (obruebantur)
875 1673 903 1719 et
930 1668 975 1733 ll,
1001 1668 1036 1719 lb
1058 1661 1273 1721 intermedius.
1311 1662 1429 1720 Exhoc

355 1762 461 1821 genere
483 1746 597 1802 minore
618 1745 751 1819 quosdam
771 1763 825 1802 nos
842 1745 874 1802 in
887 1745 963 1803 libro
974 1746 1119 1803 XXXIV
1131 1745 1275 1819 fugerunt,
1297 1746 1430 1803 nondum

356 1828 561 1885 animadverso
582 1828 739 1885 firmiterve
760 1829 969 1903 comprehense
990 1838 1054 1885 totu
1074 1848 1115 1898 re,
1137 1847 1201 1902 quse
1217 1828 1264 1885 hic
1282 1828 1429 1885 indicabo

355 1910 433 1968 Nem
457 1930 481 1969 c.
509 1915 534 1980 l,
558 1913 575 1967 3
598 1911 736 1985 scriptum
759 1910 887 1985 oportuit
903 1929 940 1967 ex
955 1912 987 1967 M
1006 1913 1033 1970 O.
1049 1913 1154 1982 Oppius
1168 1911 1232 1984 (pro
1248 1914 1284 1967 Μ.
1299 1911 1430 1983 Oppius),

357 1995 386 2062 2,
406 1997 437 2049 lt
451 2011 542 2065 prope
557 1994 706 2066 (quoque),
723 1997 756 2049 14
768 1996 895 2063 feceritis
902 1991 1038 2069 (iubetis)
1058 1997 1086 2063 3,
1099 1995 1116 2049 2
1133 1993 1429 2066 er·tequct·i(oequeri),

357 2079 386 2145 4,
397 2077 414 2132 3
424 2080 733 2148 quompisimperittm
740 2080 850 2145 eremi,
868 2075 895 2145 5,
914 2080 931 2132 2
949 2079 1123 2133 clarissimus
1134 2076 1348 2149 (probissime),
1365 2077 1394 2144 9,
1409 2077 1426 2132 6

355 2161 442 2214 moris
459 2176 547 2215 ceusu
567 2168 675 2215 tautum
694 2161 823 2230 uutlepis
839 2160 915 2231 (cum
924 2158 986 2231 W),
998 2165 1006 2215 t
1018 2164 1044 2229 l,
1056 2162 1072 2214 2
1083 2161 1278 2229 uisiprusidio
1287 2163 1430 2215 Romanus

355 2244 436 2298 mdes
443 2251 515 2298 esset
521 2240 800 2315 (Romanosuliquot
807 2240 1076 2316 copicsBelistuges
1084 2241 1176 2315 petit),
1200 2245 1270 2309 17,7
1280 2245 1428 2297 remotio·

358 2334 414 2381 tum
431 2322 626 2399 (nuntiatum),
646 2326 695 2391 22,
715 2323 732 2381 3
750 2328 852 2380 circum
867 2322 967 2399 (cuce)
989 2327 1038 2392 27,
1060 2328 1071 2380 l
1089 2341 1155 2379 uere
1171 2336 1238 2380 sotus
1253 2326 1430 2396 boetiumque

357 2409 613 2479 testimoniium,
638 2411 654 2461 5
677 2410 760 2462 ittssit
782 2405 884 2481 (iubet)
908 2408 956 2475 28,
984 2411 1015 2463 il
1041 2411 1133 2463 nunus
1154 2404 1246 2477 infido
1262 2423 1296 2461 oc
1316 2408 1430 2478 trepido

357 2488 458 2561 (infide
472 2486 543 2562 fuge
560 2498 613 2558 est,
632 2506 697 2561 ques
712 2505 793 2562 spem
808 2487 910 2544 solutis
921 2486 1016 2561 follit),
1033 2488 1092 2548 ibd.
1113 2487 1147 2545 ts
1165 2498 1251 2560 porto
1266 2490 1429 2560 excedente,

358 2574 407 2639 3⁵,
424 2574 441 2628 3
457 2575 695 2642 confirmaretur,·
714 2580 741 2626 et
753 2588 810 2641 qua
823 2571 870 2626 die
886 2613 893 2630 .
907 2613 935 2630 ..
958 2589 995 2626 eu
1010 2569 1069 2627 dies
1085 2572 1166 2644 (nem.
1176 2590 1212 2627 eu
1223 2571 1251 2628 h.
1262 2571 1281 2628 l.
1295 2589 1428 2646 pravum,

356 2663 465 2710 rectum
488 2663 531 2709 est
553 2651 641 2726 poulo
663 2662 744 2726 post:
768 2672 803 2708 er·
826 2670 861 2708 eo
884 2655 929 2708 die
950 2657 1028 2709 butro
1050 2656 1187 2711 decimum
1208 2654 1306 2726 diem),
1338 2657 1388 2722 36,
1410 2660 1426 2711 4

357 2740 439 2792 cuuis
460 2740 543 2806 utut,
567 2739 616 2802 40,
640 2738 656 2790 4
681 2737 802 2791 deducto
824 2752 870 2791 res
893 2746 943 2792 est.
993 2737 1144 2793 Debuerat
1166 2737 1252 2793 etiam
1275 2756 1298 2796 c.
1324 2742 1381 2807 44,
1411 2736 1430 2794 8

356 2819 446 2874 teneri
467 2822 626 2885 sociemur,
657 2835 717 2873 non
739 2821 931 2888 consciorum,
968 2820 1046 2891 quod
1067 2819 1096 2875 in
1127 2819 1289 2876 recentibus
1317 2819 1430 2893 aliquot

357 2901 505 2957 codicibus
532 2898 640 2955 factum
673 2911 717 2955 est
746 2919 762 2955 e
793 2901 921 2957 barbaro
945 2901 1103 2970 vocabulo,
1136 2902 1187 2957 sed
1215 2901 1316 2957 infima
1344 2912 1430 2958 aetete

357 2983 478 3049 usitato,
516 2985 731 3054 remeius-um,
765 2983 844 3054 quod
871 2984 898 3039 Β
931 2994 960 3039 et
991 2984 1040 3040 elii
1070 2983 1185 3046 hebent.
1242 2984 1290 3040 Ne
1321 2987 1378 3054 46,
1410 2989 1427 3040 4

358 3064 472 3138 quidem
497 3081 575 3120 nunc
599 3065 662 3120 veri
689 3064 811 3120 similius
831 3065 947 3122 videtur
976 3083 1012 3121 ex
1043 3066 1136 3138 (iocis)
1168 3070 1274 3137 opertis
1302 3067 1430 3141 primurn

269 3162 275 3166 ⁴
357 3145 465 3203 fuciunt
491 3150 583 3218 aptis,
612 3147 715 3202 dende
739 3147 768 3202 in
789 3148 823 3204 Μ
845 3148 1029 3204 substitutum
1052 3150 1177 3213 idoneis,
1209 3166 1298 3221 quent
1327 3159 1431 3206 contro

357 3246 411 3302 pro
433 3230 544 3284 idoneis
566 3228 615 3300 (ed
637 3230 826 3303 pugnandum
849 3239 995 3286 ettamen
1017 3229 1112 3288 Gellio
1129 3231 1288 3300 Romu,
1311 3231 1335 3286 si
1357 3233 1430 3288 fines

357 3310 529 3380 intrassent,
562 3311 779 3384 opperientibus
819 3311 1086 3385 opportunioribus)
1118 3313 1279 3369 subiectum
1312 3318 1432 3385 opertis,-

359 3393 437 3466 quod
461 3393 499 3448 ed
521 3392 679 3449 dimicandi
698 3393 878 3451 volontatem
901 3393 1119 3468 significandum
1147 3393 1293 3451 videretur
1322 3398 1428 3471 aptius.

444 3477 595 3550 Apparet,
637 3493 723 3548 quem
753 3475 937 3533 incommode
964 3476 1094 3547 accidet,
1127 3477 1207 3550 quod
1234 3477 1382 3534 meliorem
1413 3496 1431 3536 e

359 3556 474 3614 duobus
495 3557 580 3614 bonis
602 3558 750 3614 codicibus
778 3574 886 3632 paruus
912 3557 997 3631 plene
1018 3557 1166 3626 norimus,
1196 3569 1227 3615 ut
1258 3569 1287 3614 et
1315 3562 1430 3618 maiore

358 3657 416 3695 non
451 3657 550 3713 peuce
585 3643 614 3695 et
652 3640 765 3697 minore
805 3639 896 3696 nube
932 3657 989 3696 nos
1019 3639 1133 3715 lugiunt
1163 3642 1331 3714 nactaque
1360 3644 1432 3714 nne

358 3721 438 3778 seim
458 3737 523 3794 quse
545 3723 583 3778 ud
605 3723 760 3778 verborum
783 3721 913 3778 ordinem
936 3722 1095 3796 pectinem,
1123 3741 1189 3797 qoae
1210 3741 1279 3780 raro
1302 3742 1428 3782 comnio-

357 3813 526 3872 morantur,
559 3804 615 3860 nisi
649 3823 714 3861 cum
746 3805 806 3860 elie
841 3805 983 3860 venuste
1015 3806 1167 3861 coniuncte
1198 3816 1278 3863 sum·v
1322 3808 1432 3881 Itaque·

357 3885 387 3941 in
408 3885 465 3943 hoc
485 3901 591 3961 geoore
612 3885 674 3942 bere
695 3887 721 3942 B
743 3886 906 3959 sequimur,
927 3886 1041 3960 uincet
1061 3888 1135 3944 locis
1154 3889 1198 3956 M,
1219 3906 1282 3944 eunt
1306 3890 1432 3946 molem

357 3967 559 4024 inconstantius
588 3983 683 4024 sensu.
742 3967 898 4025 Molestum
934 3969 1007 4025 illud
1038 3971 1144 4039 etium,
1178 3970 1256 4043 quod
1288 3969 1432 4028 Gelenius

358 4068 417 4106 nou
431 4050 526 4107 solum
543 4050 576 4105 iu
589 4048 752 4106 indicendis·
761 4051 910 4125 seripturis
922 4052 1111 4126 ambiguitate
1125 4053 1252 4126 quedem
1271 4053 1430 4110 verbosum

358 4129 462 4201 effecit,
481 4141 514 4188 ut
529 4131 676 4188 inundent
692 4149 761 4188 suos
781 4132 962 4191 coniecturas
980 4135 1135 4208 protulisse
1149 4133 1255 4190 iniuria
1267 4143 1428 4208 potaretur,

358 4214 411 4271 sed
430 4214 460 4270 in
482 4213 610 4270 editione
628 4214 814 4270 Frobcsiene
836 4216 929 4272 altere
951 4217 1063 4273 minute
1082 4234 1142 4273 nou
1163 4217 1204 4274 ite
1225 4233 1320 4292 procu
1341 4218 1431 4274 tacite

358 4295 465 4352 codicis
486 4295 649 4369 Mogontini
678 4297 852 4354 auctoritato
873 4298 1013 4368 correxit,
1044 4318 1108 4372 quse
1135 4317 1205 4356 sene
1233 4316 1291 4355 nou
1321 4299 1430 4374 ubique
