3484 5025
435 521 495 579 206
534 463 547 481 ⁴
703 514 915 566 nissrxxxlx.
933 515 1140 579 (A.u.c.571.)

393 703 516 782 Odrysis
539 702 691 780 expulsum
713 714 771 773 est,
799 703 938 779 oppidum
960 703 991 761 in
1012 704 1168 779 Deuriopo
1190 703 1317 761 condere
1337 700 1434 757 instituit

346 817 381 872 15
393 810 531 883 (Pasouiae
547 829 583 868 ea
598 808 679 886 regio
697 809 753 883 est)
774 828 866 885 prope
883 808 1042 884 Erigonum
1060 810 1193 878 fluvium,
1216 808 1268 884 qui
1288 826 1326 898 eux
1341 806 1433 882 Illyrico

392 935 445 992 per
471 916 620 991 Paeoniam
646 916 737 973 fluens
751 891 795 972 ‘in
824 914 934 973 Axium
965 934 1079 972 amnem
1108 915 1220 987 editur,
1252 914 1332 971 haud
1355 913 1434 988 proml

343 1029 379 1086 16
392 1021 500 1091 Stobis,
520 1034 618 1079 vetere
636 1022 717 1082 urbe.
758 1022 876 1080 Novam
894 1021 995 1079 urbem
1006 1020 1157 1090 Perseida,
1180 1032 1214 1078 ut
1235 1020 1262 1078 is
1281 1021 1339 1078 filio
1354 1019 1435 1077 maiori

391 1129 548 1185 haberetur
567 1129 671 1195 honos,
693 1126 834 1203 appellari
856 1108 948 1185 iussit.

296 1233 339 1305 54
474 1231 553 1291 Dum
575 1236 637 1292 haec
657 1234 687 1292 in
707 1234 883 1292 Macedonia
903 1242 1055 1309 geruntur,
1083 1231 1223 1289 eonsules
1242 1231 1275 1288 in
1294 1231 1435 1307 provincius

359 1336 521 1413 2profeoti.
582 1339 739 1398 Marcellus
767 1340 899 1399 nuntium
926 1338 1069 1415 premisit
1092 1336 1131 1395 ad
1158 1338 1196 1395 L.
1221 1337 1359 1396 Porcium
1383 1355 1435 1413 pro·
1480 1363 1482 1410 i

390 1443 546 1516 consulem,
568 1455 601 1502 ut
616 1446 654 1503 ad
669 1465 776 1504 novum
789 1445 944 1506 Gallorum
966 1444 1102 1521 oppidum
1124 1444 1258 1520 legiones
1281 1444 1435 1504 admoveret

359 1549 566 1615 3Advenieuti
599 1551 710 1609 consuli
741 1550 823 1614 Galli
854 1569 918 1609 sese
951 1550 1137 1620 dediderunt3
1174 1549 1331 1614 duodecim
1365 1547 1436 1605 millia

358 1667 565 1723 sarmatorum
596 1667 689 1715 eraut.
734 1656 871 1733 Plerique
901 1677 983 1715 arma
1012 1675 1049 1713 ex
1075 1654 1154 1731 agris
1181 1665 1273 1731 rapta
1297 1656 1437 1724 habebant;

387 1780 424 1818 ea
444 1780 520 1837 agre
541 1763 716 1838 patientibus
737 1764 772 1821 iis
794 1763 947 1839 adempta,
976 1781 1097 1837 qnaeqne
1126 1762 1187 1820 alia
1209 1772 1263 1820 aut
1284 1761 1437 1838 populantes

387 1886 475 1943 agros
503 1879 661 1944 rapuerant
690 1881 742 1927 aut
769 1888 867 1927 secum
899 1868 1063 1926 attulerant.
1120 1868 1169 1930 De
1201 1869 1248 1926 his
1286 1870 1371 1926 rebus
1399 1867 1437 1942 qni

357 1985 582 2048 5querereutur,
603 1975 716 2049 legatos
738 1976 863 2033 Romam
884 1975 1032 2033 miserant.
1079 1974 1245 2033 Introducti
1268 1976 1299 2032 in
1320 1984 1436 2031 senatun

320 2070 323 2073 ’
386 2098 405 2134 a
433 2076 465 2136 C.
490 2079 611 2138 Valerio
639 2085 763 2156 pretore
788 2092 1000 2157 exposuerunt,
1027 2098 1073 2150 se,
1099 2090 1261 2155 superante
1295 2081 1326 2137 in
1355 2079 1439 2139 Gallia

386 2185 583 2258 multitudine,
615 2187 714 2263 inopia
742 2199 860 2245 coaetos
889 2186 951 2263 agri
980 2196 1010 2243 et
1040 2194 1169 2261 egestate
1198 2186 1239 2242 ad
1269 2186 1438 2262 querendam

385 2292 483 2349 sedem
525 2292 619 2368 Alpes
661 2303 868 2373 transgressos.
939 2291 1012 2366 Quae
1047 2292 1156 2350 inculta
1192 2303 1248 2368 per
1285 2291 1440 2351 solitudines

327 2455 329 2469 ,
354 2398 528 2468 eviderent,
559 2399 600 2455 ibi
626 2398 688 2456 sine
712 2398 798 2456 ullius
824 2398 936 2456 iniuria·
952 2399 1130 2470 consedisse,
1161 2400 1307 2476 oppidum
1338 2416 1440 2475 quoque

384 2506 527 2563 aedificare
548 2506 678 2581 eoepisse,
701 2505 779 2581 quod
802 2503 1044 2575 indiciumesset,
1067 2524 1120 2562 nec
1141 2525 1216 2581 agro
1239 2527 1296 2565 nec
1318 2506 1380 2565 urbi
1400 2504 1440 2562 ulli

382 2612 441 2668 vim
472 2612 612 2670 allaturos
639 2612 762 2669 venisse.
815 2613 919 2686 Nuper
941 2612 987 2668 Μ.,
1010 2610 1162 2669 Claudium
1192 2613 1233 2670 ad
1260 2632 1296 2671 se
1323 2613 1439 2671 nuntium

354 2717 510 2788 imisisse,
541 2718 647 2774 bellum
682 2736 714 2775 se
743 2737 808 2774 cum
835 2718 886 2788 iis,
919 2717 949 2774 ui
978 2717 1167 2789 dederentur,
1201 2729 1366 2793 gesturum.
1408 2717 1439 2775 se

382 2835 501 2892 certam,
521 2825 574 2881 etsi
588 2842 647 2880 nou
663 2823 824 2898 speciosam
838 2841 941 2899 pacem
955 2842 1041 2898 quam
1052 2824 1163 2881 incerta
1174 2824 1244 2881 belli
1255 2835 1439 2901 praeoptantes

381 2930 526 2987 dedidisse
546 2948 579 2986 se
599 2930 679 3005 prius
700 2930 730 2986 in
749 2929 834 2986 fidem
858 2948 945 3003 qnam
966 2929 996 2986 in
1008 2939 1182 3004 potestatem
1197 2932 1304 3007 populi
1315 2930 1437 2989 Romane

351 3035 456 3093 8Post
475 3054 584 3110 paucos
606 3035 668 3093 dies
688 3035 784 3092 iussos
809 3044 839 3092 et
859 3036 931 3092 urbe
952 3045 980 3091 et
1002 3053 1073 3110 agro
1095 3035 1237 3094 decedere
1260 3055 1326 3095 sese
1347 3037 1438 3095 tacitos

380 3141 475 3212 abire,
497 3161 555 3216 quo
576 3152 718 3199 terrarum
739 3152 874 3217 possent,
895 3142 925 3199 in
946 3142 1043 3198 animo
1064 3141 1216 3212 habuisse3
1240 3162 1326 3201 arma
1347 3142 1438 3200 deinde

380 3246 435 3304 sibi
456 3258 485 3304 et
502 3260 649 3324 postremo
671 3247 769 3306 omnia
788 3247 855 3319 alia,
878 3266 942 3322 qum
963 3247 1070 3306 ferrent
1089 3259 1281 3324 agerentque,
1304 3251 1436 3325 adempta.

350 3352 475 3412 90rare
500 3373 532 3411 se
558 3365 688 3411 senatum
715 3352 914 3430 populumque
934 3355 1113 3425 Romanum,
1139 3373 1178 3411 ne
1201 3336 1236 3411 'in
1259 3373 1293 3412 se
1313 3355 1437 3412 innoxios

331 3464 367 3519 10
380 3460 493 3518 deditos
525 3460 656 3518 acerbius
689 3478 776 3534 qnam
808 3459 839 3515 in
870 3461 969 3517 hostes
1001 3460 1143 3517 saevirent.
1209 3460 1292 3519 Huic
1323 3459 1436 3519 orationi

378 3579 496 3625 senatus
517 3566 558 3624 ita
579 3566 748 3641 responderi
768 3566 867 3636 iussit,
898 3585 993 3642 neque
1018 3566 1084 3623 illos
1106 3575 1185 3622 recte
1206 3565 1329 3639 fecisse,
1357 3585 1435 3643 quum

377 3671 407 3729 in
429 3673 544 3730 Italiam
566 3674 697 3729 venerint
717 3672 914 3749 oppidumque
934 3672 964 3729 in
985 3672 1079 3729 alieno
1101 3690 1173 3748 agro
1196 3673 1306 3731 nullius
1321 3671 1435 3732 Romani

377 3780 580 3854 magistratus,
624 3778 673 3853 qui
703 3779 730 3836 ei
755 3778 913 3853 provincias
943 3789 1095 3860 praeesset,
1128 3779 1275 3854 permissu
1303 3779 1434 3837 aedificare

327 3889 361 3944 11
377 3884 473 3943 eonati
495 3885 566 3957 sint,
588 3904 682 3958 neque
703 3885 815 3942 senatui
836 3884 952 3959 placere
973 3885 1086 3942 deditos
1107 3884 1239 3961 spoliari.
1288 3887 1390 3962 Itaque
1407 3901 1434 3940 ss

376 4009 440 4050 cum
465 3992 501 4049 iis
524 3992 637 4067 legatos
661 3992 700 4048 ud
721 3991 869 4048 consulem
890 3991 1044 4063 missuros,
1070 3990 1135 4065 qui,
1159 3990 1184 4047 si
1206 3992 1344 4062 redeant,
1368 3989 1432 4048 unde

375 4097 520 4166 venerint,
548 4098 647 4155 omnia
673 4098 709 4155 iis
739 4117 793 4155 sua
818 4097 900 4156 reddi
929 4097 1067 4169 iubeant,
1093 4096 1202 4172 quique
1223 4099 1357 4173 protinus
1375 4105 1431 4154 eant

374 4211 456 4259 trans
477 4203 569 4280 Alpes
592 4216 620 4262 et
640 4204 807 4262 denuntient
825 4203 948 4264 Gallicis
968 4203 1100 4280 populis,
1121 4205 1337 4263 multitudinem
1357 4219 1429 4261 susm
