3484 5025
400 529 457 583 170
654 523 732 573 Liber
747 522 876 577 XXXIX.
912 523 958 589 (Δ.
969 539 1030 579 mc.
1043 528 1119 588 568.)

325 714 342 768 2
355 707 533 793 facinoribus
549 725 661 778 manus,
676 718 800 766 mentem
815 727 834 766 a
849 708 1001 767 fraudibus
1016 709 1236 767 abstinuissent.
1262 710 1394 784 Nunquam

355 826 467 873 tantum
490 815 598 871 malum
619 814 650 870 in
671 832 704 870 re
728 814 845 889 publica
866 814 931 885 fuit,
952 834 1006 872 nec
1027 816 1066 871 ad
1088 816 1189 891 plures
1210 833 1264 873 nec
1283 815 1397 890 adplurs

355 920 508 995 pertinens.
553 919 698 993 Quicquid
719 919 764 976 his
786 920 869 977 anuis
891 920 1019 990 libidine,
1042 920 1184 995 quicquid
1208 919 1318 990 fraude,
1336 920 1397 994 quit·

356 1025 425 1100 quid
449 1025 558 1082 scelere
580 1035 731 1100 peccatum
754 1035 808 1095 est,
832 1045 869 1082 ex
893 1025 943 1083 illo
966 1044 1024 1083 uno
1046 1026 1180 1084 sacrario
1202 1026 1306 1085 scitote
1323 1036 1398 1083 ortua

325 1140 432 1200 3esse;
467 1132 588 1188 necdum
628 1131 739 1199 omnia,
781 1131 811 1187 in
840 1149 906 1205 ques
934 1132 1139 1201 coniurarunt,
1178 1132 1259 1190 edita
1290 1130 1400 1189 facinus

355 1238 473 1294 habent.
511 1238 619 1293 Adhuc
634 1236 756 1311 privatis
771 1237 877 1305 noxiis,
898 1236 969 1310 quia
989 1238 1120 1295 nondum
1138 1239 1175 1296 ad
1198 1238 1399 1315 rempublicam

353 1342 574 1416 opprimendam
601 1342 673 1398 eatis
701 1341 807 1398 virium
836 1350 895 1410 est,
927 1342 1090 1400 coniuratio
1118 1361 1185 1401 sese
1213 1343 1304 1418 impia
1329 1351 1401 1408 testu

353 1449 457 1515 crescit
483 1457 512 1504 et
533 1446 624 1521 serpit
653 1445 782 1520 quotidie
809 1446 933 1514 malum;
965 1448 1024 1504 ism
1056 1449 1151 1505 maius
1179 1459 1242 1517 est,
1274 1455 1402 1522 qnamat

351 1564 458 1627 capere
485 1552 513 1635 id
543 1553 659 1627 privata
685 1550 804 1608 fortuna
826 1552 933 1626 possit3
962 1554 1000 1609 ad
1022 1572 1167 1611 summam
1191 1553 1400 1629 rempublicam

220 1707 226 1718 .
324 1661 475 1732 tsp'ectut
522 1656 588 1714 Nisi
609 1656 794 1731 praecavetis,
816 1655 960 1730 Quirites,
981 1660 1039 1716 iam
1062 1660 1131 1716 huic
1151 1660 1274 1730 diurna,
1295 1658 1402 1734 legitime

355 1765 392 1819 ab
415 1762 532 1821 consule
553 1772 681 1831 vocate,
710 1779 766 1836 par
794 1772 938 1820 nocturna
964 1766 1061 1822 contio
1083 1783 1149 1822 esse
1169 1765 1289 1841 poterit.
1333 1765 1402 1823 Nune
1441 1759 1443 1800 Ι

1439 1817 1443 1882 l

353 1868 395 1924 illi
424 1885 477 1924 vos
505 1867 611 1941 singuli
641 1867 791 1924 universos
819 1869 1020 1926 contionantes
1048 1870 1164 1939 timent3
1201 1870 1262 1928 iarn
1292 1870 1339 1928 ubi
1362 1886 1403 1925 vot
1440 1891 1443 1950 q

354 1973 459 2047 dilapsi
479 1973 584 2029 domos
607 1981 636 2028 et
657 1973 687 2028 in
709 1990 779 2029 rura
799 1984 898 2030 vestra
922 1975 1011 2044 eritis,
1033 1974 1074 2030 illi
1105 1974 1247 2046 coierint,
1276 1975 1403 2034 consults·
1441 1975 1443 2026 ἶ

353 2080 426 2136 bunt
452 2079 489 2135 de
517 2096 571 2135 sua
599 2078 694 2135 salute
721 2077 807 2135 simul
837 2097 873 2135 ac
900 2089 999 2137 vestra
1029 2080 1171 2154 pernicie3
1206 2089 1268 2138 tum
1302 2079 1403 2155 angult

324 2186 438 2244 bvobis
462 2184 589 2242 universi
616 2184 736 2241 timendi
763 2194 856 2241 eruut.
903 2183 1016 2259 Optare
1041 2186 1130 2261 igitur
1151 2185 1350 2261 unusquisque
1366 2203 1404 2241 ve·

354 2300 444 2347 strum
473 2292 573 2359 debet,
603 2300 635 2346 ut
665 2292 744 2346 bona
771 2306 851 2344 meus
879 2290 938 2345 suis
967 2281 1101 2348 omnibus
1130 2290 1228 2349 fuerit
1276 2291 1311 2350 si
1336 2307 1404 2366 quen

302 2386 307 2394 ’
354 2396 454 2467 libide,
484 2399 511 2453 ei
530 2396 613 2453 furor
633 2394 662 2450 in
684 2394 764 2450 illum
787 2394 1089 2470 gurgitemlabripuit,
1117 2395 1235 2453 illorum
1259 2415 1336 2464 eum,
1354 2412 1405 2452 cum

355 2502 460 2582 ᾳιιίϋψ
488 2501 518 2557 ἰιι
547 2520 633 2558 omne
660 2501 802 2575 flagitium
830 2511 859 2557 et
887 2500 1001 2559 facinus
1034 2501 1215 2573 coniuravit,
1247 2522 1306 2560 non
1337 2517 1405 2558 suum

324 2609 461 2664 diudicet
481 2626 554 2664 esse.
607 2609 654 2664 Nc
681 2607 745 2680 quis
773 2606 859 2662 etiarn
884 2607 1121 2664 errorelabatur
1141 2620 1274 2666 vestrum
1298 2625 1406 2684 quoqne,

354 2732 411 2770 non
441 2732 504 2769 sum
534 2731 665 2780 securus3
692 2712 762 2767 nihil
790 2711 865 2768 enim
894 2713 923 2769 in
953 2694 1078 2788 speciem
1099 2696 1244 2771 'fallacius
1267 2723 1312 2772 est
1334 2731 1405 2789 quau

324 2829 447 2895 7prava
474 2818 586 2891 religio.
649 2818 709 2877 Ubi
744 2818 863 2874 deorum
895 2836 1001 2874 numen
1034 2820 1225 2893 praetenditur
1256 2821 1406 2887 sceleribus,

353 2924 431 2981 subit
453 2910 578 2980 animum
608 2923 710 2994 timor,
736 2942 773 2980 ne
794 2922 946 2980 fraudibus
968 2924 1102 2981 humanis
1125 2926 1313 2984 vindicandis
1333 2921 1406 2982 divini

352 3030 422 3086 iuris
452 3029 562 3103 aliquid
590 3028 753 3085 immixtum
783 3029 934 3089 violemus.
986 3030 1054 3087 Hac
1085 3048 1139 3086 vos
1166 3032 1313 3108 religione
1338 3032 1405 3088 inuu-

352 3136 503 3192 merabilia
535 3137 651 3192 decreta
683 3135 868 3209 pontificum,
902 3143 1019 3191 senatus
1049 3136 1201 3208 consulte,
1234 3137 1405 3212 haruspicum

322 3239 476 3313 8denique
501 3258 642 3313 respousa
671 3240 828 3317 liberantov
855 3241 976 3313 Quoties
1006 3241 1062 3297 hoc
1090 3250 1210 3315 patrum
1240 3257 1406 3316 avorumque

352 3355 437 3401 aetate
463 3345 611 3418 negotium
641 3354 685 3401 est
714 3346 933 3419 magistrat-ibus
962 3346 1078 3420 datum,
1111 3347 1153 3403 uti
1183 3366 1272 3405 sacra
1302 3357 1406 3404 exterus

351 3451 412 3506 ficri
428 3460 569 3518 vetarent,
591 3451 769 3507 sacrificulos
785 3462 926 3524 vatesque
940 3451 1016 3521 foro,
1030 3453 1119 3521 circo,
1135 3454 1210 3522 urbe
1223 3454 1406 3528 prohiberent

351 3556 492 3612 vaticinos
504 3554 593 3611 libros
606 3556 809 3628 conquirerent
820 3558 1091 3631 comburerentquc,
1107 3577 1226 3615 omnem
1238 3558 1405 3633 disciplinam

319 3657 532 3716 9sacrificondi
554 3671 747 3734 praeterquam
770 3678 851 3716 more
874 3663 1008 3718 Romano
1032 3663 1206 3721 abolerent?
1246 3664 1405 3722 Iudicabunt

350 3765 424 3820 enim
451 3764 665 3838 prudentissimi
698 3765 752 3821 viri
785 3766 879 3822 omnis
912 3767 1002 3823 divini
1035 3768 1215 3843 humanique
1236 3770 1318 3839 iuris,
1347 3763 1404 3823 nihil

349 3887 431 3942 aeque
453 3868 644 3924 dissolvendae
666 3869 813 3943 religionis
838 3889 916 3941 esse,
944 3890 1032 3946 quarn
1060 3874 1110 3930 ubi
1137 3894 1198 3931 non
1227 3876 1338 3950 patrio,
1363 3869 1403 3928 sed

300 3976 335 4030 10
349 3985 469 4031 externo
490 3975 546 4031 ritu
568 3974 788 4036 sacrificaretur.
831 3963 904 4034 Haec
928 3979 1011 4034 vobis
1033 3979 1221 4054 praedicenda
1242 3993 1324 4037 ratus
1342 3981 1400 4041 sum,

347 4096 384 4134 ne
407 4096 466 4151 qua
484 4079 650 4152 superstitio
673 4081 798 4155 agitaret
819 4083 933 4139 animos
957 4078 1087 4153 vestros,
1116 4104 1207 4159 quum
1230 4085 1400 4144 demolientes

347 4201 400 4239 nos
439 4184 637 4241 Bacchanalia
676 4185 919 4261 discutientesque
955 4187 1084 4246 nefarios
1124 4202 1218 4249 coetus
1254 4187 1397 4249 cerneretis

298 4290 331 4345 ll
347 4287 454 4344 Omnia
476 4289 531 4346 diis
546 4290 679 4365 propitiis
694 4291 916 4367 volentibusque
938 4313 974 4350 sa
994 4293 1146 4368 faciemus,
1169 4298 1221 4370 qui
1244 4297 1312 4371 quia
1329 4309 1395 4351 suun
