3484 5025
535 517 1090 585 mmmmmm‹
1235 512 1377 582 π’

246 702 438 760 deduxerunt.
493 703 566 759 Tria
598 703 689 760 millia
720 705 867 760 hominurn
898 714 964 760 sunt
997 705 1133 775 deducta,
1172 707 1347 781 equitibus8

246 818 428 885 septuagena
464 809 581 884 iugera,
620 810 721 866 ceteris
755 810 864 865 colonis
901 809 1106 883 quinquagena
1139 822 1205 868 sunt
1237 814 1315 874 data.

246 915 329 989 Ager
351 924 456 989 captus
479 915 515 971 de
537 914 632 972 Gallis
654 914 736 970 Boiis
758 913 866 982 fuerat,
896 914 976 971 Galli
998 916 1112 971 Tuscos
1135 918 1314 992 expulerant.

329 1020 444 1077 Eodem
469 1038 546 1076 anno
571 1037 723 1075 censuram
747 1020 828 1075 multi
851 1030 880 1075 et
902 1020 970 1075 clari
994 1021 1047 1076 viri
1071 1023 1228 1095 petierunt3
1252 1016 1345 1097 quae9

246 1143 292 1182 res
314 1134 457 1199 tanquam
486 1126 516 1180 iu
544 1142 576 1180 se
602 1143 705 1199 parum
731 1125 828 1199 magni
853 1126 1018 1182 certaminis
1045 1144 1162 1183 cansam
1185 1130 1315 1198 haberet,

246 1230 335 1287 aliam
364 1230 578 1287 contentionem
615 1229 705 1286 multo
736 1230 875 1286 maiorem
906 1232 1052 1291 excitavit.
1103 1233 1246 1289 Petebant
1277 1236 1313 1293 T.
1330 1229 1366 1282 ¹0

246 1334 399 1409 Quinctius
412 1336 603 1405 Flamininus,
625 1338 661 1395 P.
677 1334 829 1392 Cornelius
845 1335 897 1394 Cn.
913 1337 987 1393 filius
1000 1337 1108 1411 Scipio,
1130 1338 1165 1396 L.
1177 1338 1314 1395 Valerius

246 1428 1313 1512 mmmmmmmwmmmmfflu

246 1544 382 1616 Glabrio,
406 1547 455 1620 qui
477 1548 657 1603 Antiochum
681 1546 718 1601 ad
733 1545 947 1620 Thermopylas
967 1545 1144 1620 AEtolosque
1159 1548 1313 1604 devicerat.

246 1649 285 1709 Iu
313 1654 390 1709 hunc
421 1652 563 1722 maxime,
598 1653 676 1726 quod
699 1652 789 1707 multa
811 1651 996 1725 'scongiaria
1018 1652 1175 1722 habuerat,
1210 1650 1362 1726 quibuslt

246 1773 383 1833 magnam
397 1768 510 1833 partem
522 1757 671 1814 hominum
684 1757 875 1830 obligaverat,
890 1755 976 1813 favor
986 1757 1085 1831 populi
1105 1776 1136 1813 se
1147 1758 1314 1819 inclinabat.

246 1859 294 1920 Id'
311 1883 399 1939 quum
430 1881 508 1937 aegre
535 1872 703 1938 paterentur
730 1873 773 1919 tot
801 1846 923 1932 nobiles,
950 1880 1056 1917 novum
1082 1863 1137 1919 sibi
1167 1865 1313 1922 hominem
1329 1860 1364 1915 ¹2

246 1971 358 2025 tautum
388 1968 528 2044 praeferri,
557 1970 593 2026 P.
623 1968 811 2043 Sempronius
835 1968 988 2025 Gracchus
1012 1978 1040 2024 et
1067 1966 1100 2028 O.
1125 1968 1313 2044 Sempronius

246 2070 377 2144 Rutilus,
400 2076 504 2130 tribuni
520 2075 624 2148 plebis,
658 2075 685 2130 ei
706 2075 780 2131 diem
804 2074 953 2141 dixerunt,
976 2073 1056 2145 quod
1076 2062 1204 2148 pecuniae
1226 2076 1313 2149 regias

246 2181 409 2254 praedaeque
431 2180 621 2253 aliquantum,
644 2189 736 2256 captae
757 2180 786 2235 in
799 2178 937 2235 Antiochi
960 2179 1071 2248 castris,
1095 2199 1188 2253 neque
1211 2180 1239 2235 iu
1262 2180 1312 2236 tri-

246 2286 355 2360 umpho
377 2286 491 2342 tulisset
511 2304 606 2358 neque
628 2284 658 2340 in
680 2284 813 2341 aerarinm
835 2284 990 2342 retulisset.
1033 2284 1127 2340 Varia
1148 2285 1312 2341 testimonia
1327 2296 1363 2351 13

246 2379 408 2464 legatorum
438 2390 678 2463 tribunorumque
701 2390 822 2445 militum
845 2398 936 2449 erant.
987 2390 1029 2445 M.
1053 2388 1127 2446 Cato
1151 2399 1217 2447 aute
1232 2382 1312 2447 ¹alios

246 2494 334 2552 testes
355 2496 598 2571 conspiciebatur,
625 2495 706 2552 cuius
738 2494 938 2560 auctoritatem
961 2503 1223 2572 perpetuoNtenore
1245 2496 1312 2553 vitae

246 2609 361 2672 partam
395 2611 467 2675 toga
499 2602 625 2658 candida
653 2601 795 2659 elevabat.
847 2600 879 2656 Is
907 2600 997 2670 testis,
1030 2618 1094 2674 quae
1122 2620 1196 2658 vasa
1223 2621 1312 2659 aurea
1328 2607 1364 2661 14

246 2713 335 2780 atque
368 2716 508 2780 argentea
530 2706 633 2763 castris
656 2706 749 2780 captis
778 2706 854 2762 inter
876 2707 963 2762 aliam
985 2707 1114 2781 praedam
1136 2706 1246 2786 regiam
1269 2707 1312 2763 vi-

246 2806 343 2881 disset,
367 2830 403 2867 ea
424 2829 456 2867 se
477 2811 507 2866 in
528 2810 674 2884 triumpho
696 2812 823 2884 negabat
844 2811 961 2868 vidisse.
1001 2814 1155 2869 Postremo
1177 2811 1205 2867 iu
1228 2812 1312 2867 huius
1328 2819 1363 2872 15

246 2917 373 2972 maxime
393 2916 534 2972 invidiam
557 2915 696 2971 desistere
717 2935 748 2971 se
769 2916 907 2991 petitione
932 2916 1057 2974 Glabrio
1079 2917 1161 2985 dixit,
1185 2918 1311 2990 quando,

246 3012 324 3096 quod
346 3023 428 3079 taciti
449 3022 669 3096 indignarentur
691 3020 955 3091 nobileshomines,
975 3023 1005 3077 id
1027 3042 1109 3096 aeque
1121 3041 1214 3078 novus
1229 3041 1311 3079 com·

246 3120 352 3202 petitor
372 3127 531 3184 intestabili
559 3126 685 3201 periurio
711 3125 875 3181 incesseret.
926 3123 1049 3182 Centum
1078 3126 1196 3184 millium
1220 3129 1311 3185 multa
1366 3119 1407 3188 58

246 3218 376 3309 irrogata
403 3243 476 3290 erat.
527 3233 579 3289 Bis
606 3232 643 3288 de
672 3249 707 3286 aa
735 3249 767 3286 re
792 3238 932 3286 certatum
955 3241 1013 3299 est;
1041 3232 1136 3300 tertio,
1165 3252 1251 3306 quum
1275 3234 1311 3290 de

246 3340 382 3415 petitione
397 3337 554 3394 destitisset
574 3355 650 3405 reus,
673 3353 725 3391 nec
745 3335 869 3408 populus
892 3335 928 3391 de
944 3335 1034 3392 multa
1049 3334 1218 3410 suffragium
1235 3336 1312 3394 ferre

246 3445 344 3513 voluit,
367 3453 396 3501 et
417 3441 525 3499 tribuni
546 3460 581 3497 eo
603 3441 719 3514 negotio
742 3440 923 3497 destiterunt.
977 3440 1119 3498 Censores
1142 3444 1179 3500 T.
1203 3442 1341 3516 Quinc-2

246 3550 299 3608 tius
320 3549 514 3615 Flamininus,
537 3547 578 3602 M.
602 3544 741 3602 Claudius
763 3545 920 3602 Marcellus
942 3549 1041 3604 creati.

326 3657 388 3712 Per
409 3672 460 3711 eos
488 3652 549 3708 dies
578 3652 612 3710 L.
635 3650 758 3707 AEmilio
790 3651 918 3724 Regillo,
949 3651 998 3724 qui
1027 3651 1120 3706 classe
1144 3651 1341 3725 praefectum3

246 3759 383 3818 Antiochi
404 3757 483 3832 regis
504 3756 661 3826 devicerat,
690 3766 773 3812 extra
796 3757 894 3812 urbem
917 3755 947 3810 in
969 3755 1030 3811 aede
1057 3757 1200 3830 Apollinis
1222 3778 1309 3832 quum

246 3875 361 3924 senatus
392 3863 478 3919 datus
511 3869 596 3931 esset,
629 3861 734 3916 auditis
760 3862 847 3917 rebus
874 3861 963 3934 gestis
994 3861 1064 3930 eius,
1099 3864 1214 3936 quantis
1245 3882 1310 3921 cum

246 3969 384 4028 classibus
406 3967 533 4025 hostium
554 3966 735 4035 dimicasset,
763 3977 833 4041 quot
854 3966 921 4022 inde
941 3985 1031 4023 naves
1053 3967 1235 4023 demersisset
1260 3977 1311 4025 aut

246 4075 375 4151 cepisset,
398 4090 507 4146 magno
530 4089 671 4127 consensu
683 4053 797 4145 pat-rum
810 4071 972 4160 triumphus
985 4071 1097 4127 navalis
1115 4081 1158 4127 est
1169 4073 1309 4130 decretus.

246 4177 451 4254 Triumphauit
479 4176 607 4233 calendis
631 4176 808 4234 Februariis.
862 4178 897 4232 In
921 4196 956 4232 eo
979 4177 1126 4250 triumpho
1148 4177 1340 4251 undequin-4

246 4263 383 4359 quaginta
412 4300 529 4338 corouae
556 4299 652 4338 aureae
673 4281 819 4338 translata
850 4291 935 4350 sunt;
966 4283 1090 4356 pecunia
1123 4300 1309 4356 nequaquam
