3484 5025
507 508 586 560 Liber
601 507 742 561 XXXVII.
761 508 811 573 (A.
827 504 889 557 chr.
911 508 982 570 1⁹0.)
1185 511 1222 566 67

262 712 400 750 tranum
420 694 448 751 ei
468 693 617 752 uenalium
646 692 763 763 fuisset,
796 694 843 764 ni,
871 711 959 767 quum
985 691 1050 749 Teii
1078 692 1207 751 facturos
1234 712 1266 751 se

262 809 358 858 serata
380 800 587 874 promisissent,
608 802 647 859 sd
660 799 843 875 accipiendos
861 808 1039 857 commeatus
1061 800 1156 874 aptius
1171 800 1265 857 vnum

262 913 290 962 st
311 906 454 963 Romanis
481 905 511 963 iu
540 925 605 963 eum
626 915 751 981 portum,
779 906 828 980 qui
855 915 922 962 aute
943 907 1043 963 urbem
1065 915 1117 973 est,
1144 905 1264 962 classem
1341 950 1344 956 .

262 1010 346 1068 usire.
389 1010 505 1068 Dicitur
525 1021 554 1068 et
576 1011 726 1069 Eudamus
747 1011 879 1069 Rhodius
904 1010 1005 1067 vitium
1027 1010 1144 1068 alterius
1165 1020 1266 1085 portus
1282 1014 1317 1067 10

262 1116 389 1185 audisse,
421 1134 508 1190 quum
533 1115 607 1173 forte
639 1118 704 1174 dure
726 1135 816 1173 naves
848 1117 878 1174 in
909 1128 973 1174 arto
1006 1118 1081 1174 ostio
1113 1117 1266 1192 implicitos

262 1240 309 1280 ros
330 1220 498 1297 fregissent3
525 1231 554 1278 et
582 1221 656 1280 iuter
676 1223 734 1280 elia
754 1224 784 1279 id
806 1242 922 1298 quoque
942 1223 1034 1280 movit
1053 1235 1214 1298 pretorem,
1234 1233 1267 1281 ut
1281 1226 1314 1280 ll

262 1324 378 1386 duceret
397 1327 530 1398 classem,
551 1330 630 1402 quod
652 1331 689 1387 ab
710 1339 788 1387 terra
808 1328 966 1404 periculum
981 1338 1053 1399 erat,
1074 1330 1151 1386 haud
1165 1329 1267 1404 procul

262 1449 281 1489 e
306 1433 456 1491 Antiocho
483 1434 590 1491 stativa
619 1435 751 1492 habente.
804 1435 955 1492 Traducta
981 1434 1073 1491 classe
1102 1436 1141 1491 ad
1167 1436 1266 1492 urbem
1318 1432 1359 1501 29

262 1538 321 1596 tris
343 1540 487 1610 omnibus,
516 1541 625 1616 egressi
645 1541 749 1599 milites
769 1551 921 1615 nautaeque
943 1542 1068 1598 suntad
1090 1552 1267 1599 commeatus

268 1644 368 1701 vinum
399 1647 525 1704 maxime
553 1647 737 1704 dividendum
763 1648 793 1704 in
819 1666 923 1718 naves,
953 1666 1041 1721 quum
1069 1649 1164 1705 medio
1192 1646 1296 1709 forres

262 1745 415 1826 ingrestis
439 1753 555 1827 quidam
583 1754 622 1810 ad
648 1765 799 1829 praetorem
827 1754 968 1811 adductus
997 1753 1119 1823 nuntiat,
1146 1754 1266 1811 alterum

262 1870 270 1910 t
298 1856 375 1914 diem
402 1857 524 1916 classem
551 1868 629 1917 sture
660 1860 698 1917 ad
727 1860 850 1917 insulam
880 1860 1008 1928 Macrin,
1039 1872 1067 1915 et
1087 1859 1176 1934 paulo
1200 1870 1267 1916 ante

262 1974 291 2018 ts
311 1962 454 2035 quasdam
482 1966 593 2023 moveri
620 1976 758 2041 tanquam
786 1966 825 2023 ad
845 1964 1052 2040 profectionem
1077 1982 1176 2022 naves.
1223 1967 1296 2027 Res

263 2064 308 2125 ita
328 2070 478 2143 perculsus
507 2081 614 2145 praetor
633 2070 773 2128 tubicines
796 2090 901 2128 canere
919 2072 1008 2140 iubet,
1034 2080 1074 2138 ut,
1095 2071 1120 2127 si
1143 2072 1193 2145 qui
1215 2091 1267 2146 per

262 2190 300 2230 oa
319 2174 414 2249 palati
435 2185 539 2247 essent,
559 2178 699 2247 redirent;
725 2179 856 2235 tribunos
877 2178 908 2234 in
928 2179 1028 2234 urbem
1051 2177 1138 2233 mittit
1158 2177 1196 2234 ad
1217 2196 1266 2235 co·

263 2278 320 2338 dos
341 2280 446 2337 milites
469 2293 631 2358 nautasque
652 2284 683 2340 in
701 2302 801 2342 naves.
849 2283 940 2340 Haud
960 2300 1042 2339 secus
1062 2301 1148 2357 quam
1170 2284 1200 2339 iu
1221 2294 1296 2347 ret

262 2385 329 2443 tino
357 2386 491 2444 incendio
520 2400 571 2445 aut
596 2399 684 2463 coptu
710 2390 782 2446 urbe
811 2388 986 2463 trepidatur,
1014 2388 1078 2444 aliis
1105 2389 1136 2444 in
1165 2391 1265 2447 urbem

262 2492 393 2550 tentibus
414 2494 452 2551 ad
473 2513 541 2552 suos
561 2495 750 2565 revocandos,
772 2494 836 2552 aliis
857 2515 895 2552 ex
916 2496 986 2552 urbe
1006 2513 1097 2552 naves
1115 2515 1199 2552 cursu
1221 2515 1266 2552 re·

262 2599 388 2668 ustibus3
402 2599 574 2676 incertisque
583 2602 767 2672 clamoribus,
778 2602 881 2676 quibus
892 2603 961 2677 ipsis
972 2603 1049 2659 tubae
1059 2603 1266 2676 obstreperent,

262 2705 334 2763 >atis
353 2705 493 2780 imperiis,
517 2707 632 2763 tandem
655 2726 824 2764 concursum
849 2708 888 2764 ad
909 2726 998 2765 naves
1020 2719 1072 2764 est.
1115 2709 1177 2766 Vix
1197 2719 1296 2770 suas5

262 2826 334 2886 tque
355 2829 477 2870 noscere
497 2822 548 2870 aut
570 2814 651 2870 adire
670 2832 731 2888 prae
747 2813 869 2871 tumultu
882 2802 1012 2890 poteram
1034 2815 1266 2891 trepidatumque

262 2933 274 2975 ι
295 2917 428 2994 periculo
448 2919 527 2975 etin
555 2920 676 2978 marist
695 2921 726 2977 in
745 2930 823 2977 terra
844 2918 929 2991 soret,
951 2921 990 2990 ui,
1011 2922 1142 2996 partibus
1159 2922 1267 2991 divisis,

262 3025 350 3083 uilius
374 3042 440 3081 cum
461 3024 598 3099 praetoria
618 3044 693 3083 nave
711 3025 821 3100 primus
843 3044 859 3082 e
880 3035 965 3100 portu
988 3026 1019 3081 in
1031 3025 1121 3083 altum
1141 3038 1266 3097 evectus,

262 3128 358 3207 ipisus
388 3130 588 3204 insequentes,
623 3149 676 3188 sno
710 3150 853 3207 quamque
885 3130 986 3187 ordine
1016 3132 1046 3187 in
1075 3131 1200 3190 frontem
1223 3135 1266 3191 in·
1303 3204 1306 3209 Δ

262 3237 373 3307 ixisset,
394 3236 545 3294 Eudamus
565 3237 738 3311 Rhodiaque
759 3237 859 3295 classis
880 3236 1073 3293 substitissent
1094 3238 1133 3294 ad
1149 3247 1297 3308 terram,6

268 3355 301 3403 et
323 3344 389 3401 sine
413 3342 605 3417 trepidatione
630 3343 853 3400 conscenderent
883 3352 929 3412 et,
959 3352 990 3399 ut
1016 3361 1137 3417 quaeque
1162 3355 1267 3418 parata

262 3460 293 3521 Ι,
315 3450 412 3508 exiret
431 3449 524 3508 navis.
576 3449 624 3505 Its
643 3458 672 3505 et
692 3443 1005 3525 explicuere'ordinem
1027 3449 1126 3523 primoe
1147 3449 1177 3504 in
1198 3461 1295 3512 con-7

262 3565 309 3615 du
332 3554 465 3631 praetoris
487 3563 515 3610 et
535 3563 667 3612 coactum
688 3573 793 3630 agmen
811 3555 848 3610 ab
859 3554 982 3611 Rhodiis
993 3565 1049 3624 est3
1070 3554 1266 3630 instructaque

262 3678 296 3733 as,
317 3661 400 3719 velut
423 3669 571 3718 cernerent
590 3662 695 3736 regios,
716 3663 747 3718 in
767 3661 856 3718 altum
878 3661 1027 3735 processit.
1069 3662 1265 3738 InterMyon·

262 3782 311 3827 um
337 3777 368 3824 et
394 3764 538 3842 Corycum
567 3767 795 3841 promuntorium
822 3775 918 3834 erant,
947 3784 1034 3840 quum
1062 3766 1174 3823 hostem
1195 3786 1266 3823 con-

262 3891 345 3943 ωας
368 3883 398 3930 et
417 3873 499 3948 regia
508 3871 618 3954 classis,
639 3873 713 3929 binis
733 3873 763 3928 in
775 3871 903 3929 ordinem
914 3872 1037 3928 navibus
1052 3872 1139 3945 longo
1150 3873 1266 3946 agmine
1279 3881 1296 3936 8

262 3980 339 4052 ins,
363 3990 392 4036 et
412 3978 478 4054 ipsa
499 3977 590 4035 aciem
614 3976 766 4033 adversam
781 3977 926 4052 explicuit,
947 3978 1021 4034 loevo
1042 3988 1153 4034 tantum
1165 3988 1266 4035 evecta

262 4104 310 4155 au,
342 4094 378 4142 nt
405 4083 542 4159 amplecti
574 4094 603 4140 et
622 4082 773 4141 circumire
793 4083 925 4139 dextrum
955 4101 1043 4139 cornu
1067 4084 1265 4140 Romanorum

262 4201 317 4251 set.
369 4188 457 4264 Quod
487 4189 538 4247 ubi
565 4189 724 4258 Eudamus,
756 4187 805 4262 qui
828 4189 953 4264 cogebat
973 4206 1086 4262 agmen,
1106 4186 1188 4256 vidit,
1207 4197 1296 4252 nont)

262 4314 296 4355 se
316 4316 436 4373 sequare
461 4296 591 4354 ordinem
612 4297 761 4353 Romnum
782 4303 944 4350 attentum
965 4311 1023 4349 non
1045 4292 1103 4348 iam
1124 4292 1266 4350 circumiri

1041 4391 1071 4444 ⁵0
