3484 5025
489 548 551 606 200
744 544 825 595 noer
841 531 969 593 xxxnn
1007 543 1055 608 (Δ.
1070 542 1219 608 acen.)

448 734 552 790 horum
579 749 673 806 neque
693 730 874 787 Demetrium
903 730 1007 787 docere
1033 728 1157 786 dilucide
1179 747 1236 786 nec
1258 745 1291 786 se
1312 728 1383 785 setis
1401 728 1485 803 liquido

451 838 562 896 discere
584 837 621 894 ab
643 856 678 893 eo
700 847 817 892 senatus
841 855 929 911 quum
952 847 1081 893 cerneret
1102 854 1199 911 posse,
1223 835 1311 892 simul
1334 847 1363 893 et
1383 836 1484 892 tirocinio

452 952 481 1001 et
518 942 735 1018 perturbatione
770 942 883 999 iuvenis
919 954 1101 1013 moveretur,
1145 941 1238 1020 quaeri
1277 942 1363 998 iussit
1394 942 1425 997 ab
1453 960 1484 1008 eo,

451 1068 571 1124 ecquem
607 1049 643 1105 de
682 1049 727 1105 his
765 1049 851 1105 rebus
887 1048 1125 1105 commentarium
1165 1067 1184 1104 a
1229 1059 1316 1123 petre
1343 1048 1482 1121 accepisset

420 1151 548 1228 4Quum
570 1154 775 1230 respondisset,
798 1154 945 1230 accepisse
965 1173 1006 1225 se,
1031 1154 1102 1211 nihil
1124 1154 1206 1229 prius
1229 1173 1285 1211 nec
1308 1154 1400 1230 potius
1417 1155 1482 1209 risun

452 1271 496 1318 est
518 1279 604 1334 quam
627 1260 704 1334 regis
726 1260 816 1335 ipsius
842 1260 879 1335 de
901 1261 1022 1336 singulis
1042 1274 1185 1336 response
1207 1262 1351 1335 accipere
1395 1260 1482 1317 Librun

453 1366 597 1442 extemplo
619 1377 827 1441 poposcerunt3
858 1367 972 1435 deiude,
1002 1377 1034 1423 ut
1054 1368 1117 1442 ipse
1146 1367 1295 1436 recitaret,
1318 1366 1482 1442 permiserunt

422 1472 545 1531 5Erant
578 1484 673 1529 autem
706 1471 742 1528 de
764 1473 884 1547 singulis
919 1475 1006 1530 rebus
1034 1473 1061 1529 in
1089 1474 1178 1529 breve
1203 1449 1483 1545 concremarent

454 1578 512 1635 alia
535 1577 638 1635 fecisse
666 1578 878 1639 sesecundum
901 1579 1018 1636 decreta
1038 1578 1201 1654 legatorum
1225 1578 1346 1645 diceret,
1377 1578 1428 1634 elia
1445 1593 1483 1631 nor

454 1703 559 1760 perse
580 1684 695 1741 stetisse
722 1701 779 1756 quo
807 1682 901 1741 minus
924 1683 1041 1753 iaceret,
1064 1685 1114 1741 sed
1138 1703 1190 1758 per
1212 1702 1264 1740 eos
1287 1683 1377 1758 ipsos,
1397 1683 1438 1757 qoi
1454 1699 1484 1738 sc·

423 1791 597 1848 dcusarent.
646 1790 864 1862 Interposueret
886 1801 913 1847 et
936 1789 1126 1863 quereles'do
1147 1789 1305 1863 iniquitate
1327 1789 1484 1852 decretorum,

455 1905 483 1953 et
506 1915 592 1970 quarn
612 1914 670 1952 non
702 1914 739 1951 ex
767 1913 851 1969 ecquo
882 1895 1072 1973 disceptatum
1104 1896 1181 1970 apud
1206 1894 1357 1953 Caecilium
1378 1894 1487 1952 feretin-

455 2002 600 2077 digneque
630 2002 685 2058 sibi
718 2020 771 2059 nec
802 2001 861 2057 ullo
894 2018 947 2056 suo
980 2001 1083 2057 meritc
1116 2002 1289 2058 insultatum
1321 2004 1358 2059 ab
1387 2000 1488 2058 omnibu

426 2109 541 2167 iesset.
583 2108 648 2165 Has
671 2118 755 2164 notes
776 2106 881 2164 irritati
903 2107 964 2163 eius
986 2106 1074 2162 animi
1095 2106 1213 2181 collegit
1237 2120 1373 2177 senetus3
1394 2117 1488 2163 ceterur

457 2213 516 2270 elia
544 2213 693 2270 excusanti
722 2213 835 2285 iuveni,
862 2212 921 2268 elia
948 2211 1095 2286 recipienti
1115 2211 1215 2269 futura
1242 2214 1305 2286 ita,
1336 2226 1368 2270 ut
1395 2212 1490 2270 maxine

426 2319 544 2377 8vellet
564 2329 697 2389 senatus,
730 2319 898 2393 responderi
929 2318 1052 2393 placuit,
1083 2318 1155 2375 nihil
1188 2331 1305 2393 petrem
1340 2322 1401 2377 eius
1426 2334 1491 2391 nequ

457 2427 562 2484 rectius
592 2443 645 2481 nec
672 2424 765 2499 magis
792 2423 870 2498 quod
898 2442 935 2479 ex
961 2424 1111 2480 voluntate
1137 2438 1257 2481 senatus
1287 2436 1381 2493 esset,
1411 2424 1492 2489 iecisse,

459 2552 545 2607 quarn
569 2532 657 2606 quod,
680 2543 825 2605 utcunque
846 2551 881 2587 ea
903 2542 985 2606 gesta
1006 2542 1115 2602 essent,
1151 2551 1204 2607 per
1227 2533 1411 2590 Demetrium
1432 2532 1492 2588 filiun

427 2638 591 2695 9satisfieri
614 2638 751 2694 voluisset
774 2638 925 2695 Romanis.
970 2637 1064 2694 Multa
1091 2647 1118 2693 et
1141 2637 1329 2695 dissimulare
1352 2651 1381 2696 et
1396 2635 1494 2696 oblivisci

460 2755 488 2801 et
509 2746 570 2819 pati
594 2746 739 2819 praeterite
761 2755 891 2800 senatum
915 2722 1018 2818 posse,
1042 2753 1071 2799 et
1099 2744 1217 2800 credere
1240 2744 1332 2801 etium
1361 2745 1494 2808 Demetrio;

411 2852 445 2905 10
460 2851 588 2907 obsidem
612 2850 686 2906 enim
709 2867 740 2906 se
770 2832 896 2906 animum
920 2850 981 2906 eius
1002 2851 1120 2918 hebere,
1135 2849 1206 2930 ‘etsi
1230 2860 1341 2925 corpus
1364 2851 1437 2926 patri
1454 2847 1495 2905 red·

460 2956 572 3025 diderit,
595 2966 623 3012 et
644 2956 726 3023 scire,
749 2967 887 3029 quantum
911 2955 993 3011 salva
1015 2955 1172 3029 inpetrem
1196 2955 1309 3030 pietate
1332 2957 1431 3032 possit,
1450 2953 1495 3010 eni·

410 3062 441 3117 ll
460 3080 523 3118 cum
546 3081 611 3119 eum
633 3060 732 3137 populi
756 3062 881 3118 Romani
903 3079 974 3117 esse.
1030 3061 1218 3135 Honorisque
1243 3062 1309 3118 eius
1338 3082 1428 3120 cause
1453 3061 1496 3117 nis

460 3187 544 3224 suros
565 3169 593 3224 in
620 3167 823 3225 Macedoniam
846 3168 975 3242 legatos,
1004 3179 1049 3234 ut,
1077 3167 1101 3222 si
1131 3167 1201 3240 quid
1224 3167 1323 3224 minus
1347 3166 1452 3222 facturn
1469 3163 1496 3229 sit

461 3293 548 3348 quam
581 3274 726 3345 debuerit,
768 3283 826 3329 tum
868 3291 984 3347 quoque
1022 3272 1083 3327 sine
1118 3271 1234 3345 piaculo
1273 3291 1374 3328 rerum
1411 3284 1497 3349 preto

460 3380 612 3436 missarum
634 3381 692 3439 fiat.
740 3380 825 3436 Velle
852 3380 954 3446 etiem,
985 3377 1089 3433 sentire
1112 3377 1299 3451 Philippum,
1328 3377 1442 3453 integra
1459 3395 1509 3451 ote.

460 3482 509 3537 nia
542 3483 596 3539 sibi
630 3502 693 3541 cum
726 3484 835 3560 populo
863 3485 997 3541 Romano
1025 3483 1165 3539 Demetrii
1197 3483 1248 3538 filii
1284 3484 1498 3541 beneficio'esst

364 3582 408 3652 48
440 3589 547 3658 'Haec,
584 3607 647 3663 quae
682 3593 822 3665 augendae
859 3589 1056 3665 amplitudinis
1094 3587 1155 3644 eius
1187 3607 1281 3645 causa
1319 3589 1404 3647 facte
1437 3597 1499 3647 erant

461 3695 606 3769 extemplo
638 3695 668 3752 in
700 3696 853 3767 invidiam,
886 3714 956 3752 mox
978 3695 1063 3752 etiam
1096 3693 1126 3750 in
1155 3694 1314 3769 perniciem
1352 3690 1500 3753 adolescenti

459 3810 615 3856 verterunt.

430 3906 447 3961 2
545 3904 757 3981 Lacedaemonii
789 3908 892 3964 deinde
918 3905 1073 3963 introducti
1094 3914 1169 3963 sunt.
1218 3905 1325 3962 Multae
1349 3920 1379 3964 et
1402 3904 1501 3984 parvule

460 4012 684 4086 disceptationes
704 4013 909 4081 iectebeutur3
940 4013 992 4069 sed
1014 4031 1079 4086 quse
1100 4010 1226 4067 maxime
1248 4031 1312 4069 rem
1339 4015 1501 4071 continerent

461 4120 523 4175 doce
550 4130 646 4174 erant:
677 4127 773 4175 utrum
806 4119 1040 4188 restituerentur,
1067 4136 1141 4191 quos
1168 4117 1273 4174 Achaei
1305 4120 1502 4179 damnaverant

430 4225 565 4293 3necne,
602 4225 699 4297 inique
726 4243 763 4279 en
797 4224 859 4280 iure
893 4224 1083 4293 occidissent,
1112 4242 1185 4299 quos
1214 4225 1406 4292 occiderant,
1437 4234 1502 4280 certe·

461 4328 561 4398 betur,
590 4339 619 4385 et
638 4339 734 4385 utrum
757 4318 906 4386 manerent
932 4329 962 4385 in
991 4329 1122 4387 Achaico
1149 4329 1275 4387 concilio
1303 4324 1503 4389 Lacedaemoni

969 4412 982 4445 fl
