3484 5025
760 497 824 543 XXV

253 691 335 756 quen
357 682 497 739 &centem
518 698 572 753 pro
595 686 743 753 repertione
763 680 898 753 inducit.)
935 680 1106 739 dedixerat
1128 682 1173 756 (B)
1218 678 1274 751 IX,
1308 685 1326 741 6

253 764 344 823 moris
376 782 469 822 causa
497 773 608 821 tantum
633 773 684 820 aut
705 764 777 838 Iegis
798 765 888 837 (quod
905 772 1044 821 retentum
1067 771 1195 836 oportuit
1223 784 1238 822 e
1258 765 1298 839 Μ)
1322 762 1325 841 )

254 874 357 941 portus
379 882 479 921 errore
500 861 536 932 X,
565 868 574 921 l
601 873 787 922 occurrerunt
808 862 843 935 (B
859 864 1024 937 accurrunt)
1047 868 1063 921 4
1090 857 1190 921 CXIX.
1213 858 1326 923 CCCC.

257 944 406 1007 XXXVIII
444 948 478 1020 (Β
510 957 539 1003 et
573 946 657 1019 rece.)
691 943 747 1015 XI,
787 948 803 1002 2
832 947 899 1018 (oid.
929 965 1017 1018 supra
1045 965 1074 1017 p.
1105 946 1142 1018 X)
1179 950 1196 1004 4
1229 954 1328 1021 posset

257 1029 288 1103 (t.
310 1033 345 1087 tt.
376 1029 469 1102 Voss.)
499 1026 568 1098 XII,
593 1034 608 1086 5
632 1029 719 1102 (tora
741 1029 914 1104 respondet,·
936 1030 1061 1105 Siesbpe)
1086 1035 1102 1087 6
1126 1032 1202 1100 (Non
1222 1033 1327 1102 irnpro·

260 1112 393 1169 dodiiiter
415 1114 475 1169 Ioo.
498 1114 665 1171 Perizonius
686 1112 768 1168 iussit
790 1112 855 1168 tolli
874 1114 972 1169 noluit.
1016 1114 1083 1171 Alio
1101 1114 1196 1182 formo
1214 1120 1256 1168 est
1273 1113 1329 1168 Ioci

260 1198 358 1264 XXXI,
384 1196 433 1267 11,
458 1194 555 1264 7-9,·
578 1196 696 1266 offendit
718 1198 790 1251 enim
812 1193 1142 1269 iubet-que-iussit
1163 1206 1190 1250 et
1214 1193 1249 1250 oio
1272 1212 1327 1269 que

260 1288 285 1334 et
305 1278 340 1334 od
359 1281 506 1335 ooriotune
521 1287 638 1351 ternpus,
659 1287 793 1351 sequente
807 1276 908 1349 iubet.)
930 1274 1009 1346 XIII,
1032 1280 1048 1334 2
1073 1278 1205 1350 (hibeme
1217 1281 1328 1334 notarit

261 1360 357 1434 Brut.)
400 1364 418 1418 4
451 1357 541 1439 [satis]
575 1359 729 1417 admodum
768 1360 896 1433 (DuIter3
919 1363 977 1417 Em.
1008 1359 1075 1421 399.
1126 1360 1203 1419 Satis
1232 1369 1328 1418 tuetur

262 1460 411 1501 consensus
441 1446 470 1499 Μ
476 1449 490 1499 I
522 1452 551 1500 et
580 1442 787 1515 recentiorum.)
833 1446 849 1499 5
879 1443 1030 1500 ostendere
1059 1445 1099 1518 (Μ
1104 1449 1117 1499 t
1149 1461 1218 1501 reor.
1267 1442 1327 1513 Csr.

263 1529 314 1585 En.
339 1526 401 1582 291
433 1526 474 1599 n.)
507 1530 524 1585 6
553 1525 706 1583 conferetis
736 1543 853 1582 manum
886 1525 935 1598 (Μ)
962 1530 976 1581 7
1001 1544 1065 1584 oum
1088 1526 1233 1601 Hispania
1255 1524 1327 1583 Car·

264 1608 482 1685 thaginieueiuru
512 1619 541 1666 et
561 1608 630 1684 imp.
652 1608 691 1666 ibi
713 1617 742 1665 et
765 1609 909 1666 exercitus
941 1610 1005 1681 (My.
1028 1612 1086 1667 Em.
1109 1608 1179 1683 399)
1198 1608 1203 1683 1
1222 1609 1328 1666 addere

265 1692 321 1765 (Vp.
344 1694 363 1748 i.
386 1690 426 1767 c.)
453 1687 538 1762 XIV,
568 1692 585 1748 2
613 1691 773 1749 discurrere
800 1690 855 1767 ipsi
885 1690 1004 1765 (DuIter)
1035 1697 1051 1749 4
1082 1693 1271 1760 tutissimum,
1298 1691 1327 1749 in

265 1774 313 1847 (tte
340 1776 447 1848 recor)
476 1777 493 1832 6
523 1774 619 1832 educit
646 1775 696 1848 (Μ)
725 1773 944 1849 8repreuderit
964 1776 1139 1850 verteritque
1162 1775 1191 1832 in
1215 1776 1327 1833 hostem

220 1871 221 1881 ¹
266 1856 308 1929 (tt,
328 1862 385 1916 nisi
406 1859 485 1932 quod
506 1858 660 1927 adversos,
686 1858 763 1931 quod
786 1860 869 1916 Goon.
893 1862 1026 1918 corrosit.
1048 1862 1140 1917 Etiam
1162 1859 1225 1927 Ita,
1251 1859 1328 1932 quod

266 1945 392 2015 requitur,
415 1943 495 1998 sotus
510 1944 538 1995 Μ
547 1939 645 2014 dedit.)
661 1937 724 2008 XV,
748 1943 763 1994 3
781 1950 852 2007 erat,
874 1941 1021 1997 revehitur
1036 1942 1083 2015 (M)
1102 1940 1107 2016 Ι
1126 1941 1209 2016 signa
1223 1960 1283 2017 prae
1297 1953 1328 1999 te

222 2007 231 2092 ἱ,
267 2020 325 2081 tart
344 2023 523 2099 (serrone
555 2025 612 2093 cfr.
625 2026 683 2081 un.
696 2025 762 2080 ooo.
801 2022 1160 2099 Signaproferre1v‚32,
1174 2026 1221 2095 ro,
1234 2023 1326 2094 suu,

229 2119 231 2124 ·
268 2105 306 2175 to,
320 2106 363 2178 3.)
385 2110 403 2162 6
424 2125 461 2163 ea
480 2106 613 2163 secundae
634 2106 673 2179 (Μ
678 2113 691 2161 t
703 2107 786 2165 codd.
801 2106 878 2179 quid.
890 2105 972 2177 reoo.)
988 2103 1063 2176 XVI,
1090 2108 1163 2163 1-2
1184 2105 1279 2182 [Tria.
1292 2148 1321 2167 ..

232 2188 235 2213 ⁵
267 2187 357 2266 iussit]
378 2190 435 2262 (Eo
446 2192 473 2244 Μ
480 2191 624 2262 suppleto,
656 2192 742 2245 Nemo
754 2190 914 2245 Xuiusmodi
925 2192 1075 2262 quicquum
1086 2191 1237 2247 additurus
1246 2198 1327 2261 erot,·

220 2295 231 2334 ,;
269 2274 362 2344 Liuius,
390 2275 535 2344 inspecto,
562 2281 595 2329 ut
615 2290 652 2329 ec
672 2271 765 2328 ueritis
785 2289 935 2328 numerum
957 2291 1014 2328 nou
1039 2271 1176 2330 adscribit
1197 2280 1329 2345 apparet,

271 2356 406 2427 Oripinunt
425 2355 508 2423 iidro,
530 2356 583 2411 troo
603 2366 635 2412 ut
657 2357 717 2411 aiio
737 2355 815 2424 forte
838 2353 938 2411 oblato
956 2374 1013 2410 non
1028 2357 1248 2411 commodissimo
1267 2355 1328 2411 loco

270 2440 439 2507 interteruit3
462 2442 681 2513 necquicquam
704 2438 795 2508 nolet,
820 2439 897 2511 quod
920 2439 1091 2494 modernum
1115 2440 1206 2496 Liuius
1227 2436 1329 2514 procul

270 2521 429 2579 anavibus
457 2521 608 2579 obductum
636 2526 790 2578 exercitum
816 2522 933 2591 scribit3
966 2524 1078 2595 quoties
1106 2525 1179 2579 enim
1210 2526 1271 2594 ipse
1299 2522 1331 2577 W

270 2613 377 2661 renotat
410 2606 515 2662 Liuium
546 2614 649 2676 posteo
674 2606 852 2677 sipnifloore,
889 2622 952 2677 quoe
980 2623 1032 2662 suo
1061 2607 1122 2662 Ioco
1150 2609 1179 2661 iu
1202 2609 1265 2677 ipso
1286 2608 1330 2662 rei

271 2691 425 2744 conatione
452 2705 511 2743 non
537 2686 685 2760 posuerit?
730 2689 803 2758 Quid
830 2690 867 2744 sit
897 2690 926 2742 in
948 2688 1041 2744 uerbis
1070 2688 1108 2744 ad
1129 2697 1243 2764 portem
1272 2701 1329 2744 non

271 2773 395 2844 accurati,
418 2769 533 2842 neseio.)
552 2774 558 2837 Ι
576 2788 656 2845 spem
678 2769 732 2827 nisi
755 2771 828 2842 (Uss.
844 2770 1071 2827 Creumuiedut:
1096 2770 1144 2828 ubi
1168 2789 1248 2847 spem
1274 2769 1329 2827 uisi

271 2851 292 2908 in
310 2853 415 2910 virtute
437 2871 495 2909 uon
517 2853 667 2926 habereut)
699 2851 882 2928 5‘[vinoque
910 2861 939 2909 et
965 2854 1029 2910 cibo
1056 2850 1181 2930 curatos]
1217 2855 1272 2926 (En
1293 2855 1328 2913 Μ.

272 2935 325 2992 dcc
353 2953 468 3009 quoque
499 2936 534 2991 de
558 2936 674 2992 Catonis
696 2936 785 3000 libro,
815 2953 869 2992 suo
895 2936 1014 2992 ubertim
1041 2940 1206 3007 nomeriis,
1236 2939 1330 2994 Liuius

273 3018 430 3091 transtulit.)
454 3020 471 3075 9
492 3017 616 3075 deducto
634 3018 746 3091 (Gron.)
769 3013 859 3086 XVII,
883 3023 899 3074 4
922 3020 1067 3093 parabant
1088 3019 1176 3092 (Usa.)
1200 3023 1217 3077 6
1240 3017 1329 3094 passi,

274 3107 296 3156 ut
314 3098 378 3174 (W)
402 3097 517 3171 XVIII,
541 3102 558 3157 3
582 3102 769 3174 (Videndum,
800 3119 835 3155 ne
857 3104 950 3158 Liuius
967 3105 1111 3173 scripserit
1133 3103 1240 3171 obiret,
1272 3119 1329 3159 non

274 3183 374 3256 tdiret.)
396 3178 461 3253 XX,
485 3185 503 3239 2
526 3193 570 3240 est
587 3193 744 3259 occupatus
766 3183 830 3254 (My.
843 3187 903 3242 Em.
916 3185 974 3239 466
989 3203 1015 3240 n.
1033 3187 1138 3241 Proeter
1148 3187 1329 3242 indicativum

273 3268 415 3336 perfectum
457 3283 570 3339 quoque
615 3283 705 3338 proce
741 3267 844 3322 dicitur
879 3277 1012 3340 tunquam
1049 3269 1083 3324 de
1114 3286 1171 3325 uno
1205 3278 1330 3339 tempore

276 3352 455 3422 usurpationis
484 3348 604 3421 erepto.)
636 3345 721 3416 XXI,
756 3350 773 3405 6
803 3364 850 3404 ree
880 3357 977 3423 gestas
1008 3350 1246 3426 supplicationem
1280 3348 1330 3422 (Μ)

276 3426 368 3502 XXIII,
400 3434 417 3488 2
449 3430 621 3507 imploratos
650 3430 789 3487 auxilium
819 3430 958 3488 adversus
996 3433 1031 3504 (1.
1056 3437 1089 3492 Η.
1117 3435 1248 3499 Vossius,
1277 3433 1329 3504 Mp.

276 3515 322 3569 En.
337 3514 405 3586 401)
428 3517 447 3572 6
465 3523 584 3588 questus
598 3512 702 3570 deinde
726 3512 787 3588 [eet]
803 3515 929 3570 Achaeos
943 3515 1033 3588 (ΑΜ.)
1051 3516 1056 3587 Ι
1076 3515 1136 3572 eius
1154 3513 1270 3570 fortuna
1285 3513 1330 3588 (B)

221 3618 222 3637 κ
277 3596 379 3654 inoliti
400 3606 467 3653 sunt
494 3598 636 3670 (codun.
659 3614 730 3664 reo,
757 3598 790 3653 Α.
814 3597 918 3669 Periz.)
941 3594 1051 3666 XXIV,
1083 3601 1099 3654 4
1128 3597 1200 3670 (haec
1223 3614 1275 3653 om.
1299 3598 1328 3654 B.

221 3704 222 3717 κ
279 3679 356 3736 Potest
387 3681 481 3737 Liuius
508 3681 669 3762 suipsisset
706 3687 840 3755 pacatam
874 3679 1054 3755 relinquatis)
1084 3676 1182 3750 XXV,
1222 3684 1238 3736 5
1267 3695 1331 3756 quae

279 3770 425 3835 opportuna
452 3762 504 3835 (Μ)
534 3764 552 3819 6
583 3762 697 3836 agenda
728 3761 790 3818 haeo
818 3761 863 3833 (B)
895 3763 911 3817 6
942 3763 1130 3838 hortatusque
1166 3763 1331 3820 coniuratos

280 3841 403 3918 (Xreyss.,·
434 3847 494 3901 line.
524 3843 595 3916 216)
626 3841 737 3912 XXVI,
773 3847 784 3901 l
811 3853 920 3900 motum
950 3864 1014 3902 eum
1043 3844 1095 3903 fut.
1120 3845 1209 3903 fuisse
1234 3846 1285 3918 (Μ)
1314 3851 1330 3902 5

281 3925 392 3985 ordIendi
418 3925 494 3986 belli.
527 3927 567 3999 (M
590 3927 704 3983 Gelenio
729 3936 818 3996 teste,·
851 3927 1022 3985 Carbookius
1051 3932 1177 3986 enotavit
1199 3926 1331 3984 ordiundi

282 4004 376 4080 bellum,
397 4011 522 4083 quodsi
542 4013 572 4065 in
594 4010 689 4066 oodioe
706 4010 773 4080 fuit,
795 4026 884 4081 prone
894 4013 1078 4080 perundioum
1094 4011 1331 4068 accommodatum

283 4099 313 4144 cst
327 4094 361 4148 od
374 4093 538 4166 precedens
557 4091 633 4148 belli.
676 4095 774 4165 Neque
790 4091 931 4149 sententia
947 4101 990 4149 est
1009 4093 1138 4152 ordiendi
1156 4092 1222 4149 belli
1235 4095 1332 4150 Latine

283 4171 366 4232 iteum
386 4177 533 4248 multoque
554 4177 661 4232 minus:
692 4175 819 4231 omnium
849 4174 991 4232 sententia
1018 4185 1062 4234 est
1090 4174 1219 4233 ordiendi
1244 4174 1333 4249 belli.)

284 4246 378 4327 XXVII,
402 4262 412 4316 l
439 4266 517 4315 esset
538 4275 607 4314 vere
627 4256 703 4314 vires
728 4258 766 4330 (n.
788 4275 815 4329 p.
831 4256 869 4328 X)
893 4260 910 4315 6
933 4267 960 4315 et
984 4263 998 4314 7
1023 4268 1052 4316 et
1072 4276 1167 4335 peuce
1185 4257 1333 4333 praefatus,

288 4338 479 4401 ...molienda
511 4339 674 4414 itaque„.
691 4340 871 4400 emissurum.
903 4340 957 4397 sub
988 4342 1050 4401 haec
1079 4343 1150 4417 (En.
1174 4342 1251 4415 2153
1281 4343 1336 4412 cfr.
