3484 5025
641 513 798 568 hiberna*
833 512 879 579 (il.
899 512 961 565 our.
981 514 1052 578 tta)
1277 517 1337 574 ²49
1410 565 1418 580 .

319 702 427 778 apanis.
460 701 560 760 ·Ludi·
589 700 717 769 decreti,
748 708 777 757 et
804 709 846 757 ut-
862 698 1008 762 duumviri
1037 699 1084 758 atl-
1100 700 1202 757 aedem·
1222 700 1377 758 locandam
1394 702 1430 758 lb

321 816 506 868 crearentura·
552 808 600 865 De
630 806 753 882 pecunia
785 805 898 875 fluitur,
931 824 969 862 ne
983 824 986 830 ·
1000 804 1095 862 maior
1124 804 1257 864 ludorum
1288 815 1379 865 cauea

309 922 551 984 consumeretur,
581 929 668 987 quam
680 922 810 988 *quauta
837 910 944 969 Fulvio
964 910 1109 969 Nobiliori
1130 922 1204 987 poet.
1216 897 1376 972 AEtolieum

321 1018 427 1075 bellum
452 1019 536 1076 ludos
563 1019 681 1077 facienti
701 1019 826 1076 -denreta
852 1026 948 1085 eeeet,
968 1035 1043 1074 neve
1062 1016 1147 1092 uuiti¹
1162 1017 1200 1075 ad
1221 1011 1272 1076 eoa
1294 1017 1378 1076 ludos
1393 1019 1425 1075 ll

322 1137 490 1196 ereeeeeret,
511 1135 636 1201 augeret,
657 1125 811 1200 acciperet,-
830 1122 939 1181 faceret
959 1123 1099 1182 advorsus
1119 1123 1151 1181 id
1171 1134 1288 1182 uenatus
1310 1143 1380 1182 eon·
1424 1143 1426 1156 ·

321 1230 438 1301 uultum,
471 1232 547 1305 quod
570 1231 605 1290 L.
626 1229 759 1300 AEmilio,
781 1227 835 1287 Cn.
858 1221 958 1311 Eabio
980 1230 1149 1287 consulibua
1165 1231 1203 1288 de
1220 1230 1296 1290 ludia
1316 1230 1378 1292 iee-

322 1344 381 1393 tum
411 1347 495 1395 eeeet.
552 1337 732 1395 Deormerm
761 1335 792 1392 id
819 1345 938 1393 uenatus
966 1345 1085 1411 propter
1113 1334 1221 1396 effuaoa
1247 1341 1377 1412 an'mptua
1395 1334 1428 1390 12

321 1440 416 1499 faetus
443 1439 476 1499 iu'
497 1443 586 1500 ludoe
603 1441 839 1517 'll'Semprouii
865 1440 971 1511 edilia,
1000 1442 1049 1515 qui
1077 1459 1182 1517 graves
1208 1461 1266 1500 non
1291 1443 1379 1502 modo

321 1548 415 1605 Italia
444 1566 479 1607 ae
505 1549 591 1608 sotiis
612 1548 710 1607 Latini
730 1547 868 1619 numinis,
895 1547 1054 1605 sedetiam
1076 1548 1232 1624 prouinciis
1253 1551 1378 1607 externis
1428 1598 1433 1610 ,

321 1651 446 1712 fuerant.
752 1653 754 1658 ’
1461 1735 1464 1740 ¹

332 1777 334 1781 ’
405 1755 508 1817 Hieme
536 1779 571 1818 eo
599 1779 675 1818 auno
701 1760 769 1818 nive
791 1777 870 1817 aava
891 1768 920 1815 ot
940 1757 1019 1815 'omni
1044 1766 1247 1835 tempestatum
1274 1778 1379 1834 genere
1430 1750 1474 1821 45

319 1864 389 1935 tuin
417 1861 552 1936 arbores,
582 1883 646 1941 qua
668 1866 801 1924 obnoxia
822 1864 978 1939 frigoribus
999 1874 1082 1933 eunt,
1109 1863 1218 1922 deuaeit
1241 1875 1379 1934 nunctum

321 1971 409 2028 etium
425 1972 592 2047 *aliquanto
634 1989 720 2046 quam
759 1971 832 2029 aliea
867 1970 984 2045 longior
1007 1968 1086 2027 fuit,
1124 1969 1229 2044 Itaque
1257 1970 1407 2028 Latiuaal

320 2078 373 2134 nix
404 2078 500 2136 eubito
534 2088 635 2135 coorta
650 2094 652 2100 ·
670 2087 700 2134 et
731 2076 920 2134 intolerabilia
951 2085 1118 2151 tempestae·
1133 2075 1161 2133 in
1193 2086 1291 2134 monte
1319 2087 1378 2134 tur·

321 2184 418 2257 bavit,
457 2181 682 2259 inetaurutaeque
716 2193 783 2240 eunt
813 2200 851 2239 ex
885 2182 999 2240 (leoreto
1031 2183 1208 2259 pontificum.
1266 2182 1408 2240 Eadem3

320 2300 479 2365 tempestae
508 2301 537 2349 et
563 2290 602 2354 iu.
620 2288 767 2365 Capitolio
795 2287 907 2362 aliquot
935 2286 1019 2363 a'igna
1048 2287 1221 2363 prostravit,
1251 2287 1378 2344 fulmini·

320 2396 448 2469 busque·
464 2397 615 2473 complura
644 2396 711 2452 loca
741 2390 948 2464 deformavit,
965 2394 1066 2451 edem
1088 2394 1168 2451 Iovie
1200 2393 1377 2461 Tarracina,

324 2500 415 2557 aedem
434 2501 543 2561 Albam
565 2483 674 2578 Capuae
703 2496 876 2578 portamque
897 2501 1074 2587 Rpmauam3
1104 2499 1177 2558 muri
1203 2499 1298 2575 pinum
1324 2497 1376 2556 eli·

323 2617 396 2683 quot
422 2609 505 2667 looie·
521 2609 649 2666 decusare
678 2609 792 2665 erunt.³
817 2607 890 2665 Haeo
915 2607 990 2664 inter
1010 2606 1144 2682 prodigia
1165 2605 1325 2663 nuntiatum
1347 2611 1406 2665 etl

321 2715 360 2771 ab
382 2716 488 2785 Reate,
515 2715 655 2792 tripedem
685 2728 796 2773 natum·
817 2715 936 2772 mulum.
985 2711 1032 2771 Ob
1060 2732 1097 2770 eu
1124 2713 1291 2770 decemviri·
1305 2711 1406 2770 iussio

321 2820 402 2876 adire
428 2819 518 2876 libros
539 2820 668 2889 edidere,
691 2821 795 2896 quibua
815 2822 869 2878 diis
893 2831 922 2876 et
943 2829 1015 2894 quot
1033 2818 1138 2876 hoatiiu
1156 2819 1376 2888 sacrificaretur,

321 2937 351 2983 et
379 2935 411 2983 ut
438 2925 610 3000 supplicatio
638 2926 713 2983 diem
744 2945 831 2984 nuum
861 2936 945 2983 eeaet.
991 2922 1067 2983 Ludi
1094 2925 1197 2982 deinde
1224 2926 1314 2983 votivi
1339 2925 1407 2998 (Μ

320 3032 418 3090 Fulvii
439 3030 564 3090 oonsulia
585 3050 638 3106 per
657 3031 719 3088 dieu
740 3032 839 3090 decem
860 3048 968 3108 magno
991 3042 1134 3107 apparatu
1155 3030 1234 3091 faeti.
1280 3058 1283 3063 ·

405 3136 564 3196 Ceneorum
585 3137 652 3194 iude
666 3137 783 3195 uomitia
800 3137 914 3206 habita3
936 3137 1024 3194 ereati
1038 3137 1081 3194 Μ.
1096 3135 1234 3194 AEmiliur
1249 3112 1377 3211 Lepidus

320 3243 463 3319 pontifex:
483 3235 626 3302 maximus
658 3252 688 3300 et
716 3243 758 3304 M.
787 3242 909 3300 Fulvius
938 3242 1088 3312 Nobilior,
1120 3241 1170 3316 qui
1202 3260 1238 3298 ex
1267 3241 1376 3298 AEtolie

320 3350 558 3426 triumphaverat.
601 3349 682 3407 Inter
703 3350 758 3407 hoe
778 3350 858 3406 viros
879 3348 990 3406 nubilae
1010 3348 1165 3405 inimicitia
1188 3359 1280 3416 erant,
1300 3357 1404 3422 sapei

320 3453 418 3511 multia
447 3465 476 3512 et
501 3456 531 3512 in
553 3466 653 3513 senatu
676 3465 706 3513 et
726 3455 764 3512 ad
787 3455 927 3530 populum
948 3454 1093 3512 atrocibus
1115 3454 1266 3511 eelebratm
1282 3465 1400 3511 certer
1446 3494 1449 3502 .

320 3559 454 3617 minibus.
501 3559 633 3619 Comitiia
660 3559 808 3631 oouieetis,
836 3570 868 3618 ut
889 3561 1025 3619 traditum
1047 3560 1204 3634 antiquitus
1228 3570 1280 3624 oet,
1311 3567 1406 3624 oen-8

321 3683 402 3734 soree
429 3666 458 3722 in
488 3685 591 3743 eampo
614 3668 653 3726 ad
674 3684 755 3725 aram
776 3667 881 3725 Martie
903 3666 1147 3725 aellio-eurulibua
1171 3666 1376 3735 uonmderunt3
1407 3712 1428 3724 ..

322 3790 380 3846 quo
406 3782 526 3847 repente
551 3773 695 3850 principue
723 3781 887 3830 aenatorum
917 3790 982 3830 oum
1007 3772 1123 3847 agmine
1143 3781 1283 3829 venerunt
1306 3772 1377 3829 civi·

320 3877 404 3947 tatis,
437 3879 512 3936 inter
548 3895 623 3954 quoa
651 3879 686 3952 Q.
714 3877 847 3938 Cauiliua
874 3877 1008 3936 Metellus
1037 3858 1129 3937 verba
1155 3877 1232 3935 feeit.
1288 3879 1375 3946 „Non
1428 3876 1469 3948 46

321 3983 404 4041 obliti
432 4000 546 4055 eumue,
576 4001 724 4053 censores,
753 4002 807 4042 voe
834 3984 923 4060 paulo
952 3993 1020 4041 ante
1045 3984 1085 4040 ab
1110 3983 1245 4041 universo
1268 3984 1375 4059 populo

320 4090 455 4147 Romaim
482 4090 612 4148 moribus
637 4089 743 4147 nostrie
768 4090 940 4166 praepositos
963 4107 1043 4173 epae,
1071 4097 1100 4146 et
1126 4107 1180 4146 noe
1202 4108 1220 4146 a
1241 4091 1325 4146 vobis
1346 4101 1377 4148 et

284 4229 291 4258 t
321 4194 471 4252 admoneri
491 4204 524 4252 et
540 4195 611 4272 regi,
632 4213 691 4252 uou
712 4213 765 4253 voe
787 4196 910 4254 anobis
933 4195 1053 4266 debere;
1074 4195 1257 4253 indicandum
1279 4200 1405 4257 tamenl

296 4347 299 4353 .
321 4310 374 4371 est,
406 4301 475 4375 quid
497 4318 596 4358 omne·
617 4301 760 4370 benaein
783 4301 867 4360 vobis
889 4312 940 4358 aut
961 4300 1090 4359 offendat
1110 4311 1161 4359 aut
1184 4282 1262 4360 aeria
1283 4311 1376 4358 muta·
