3484 5025
565 472 805 583 nnrkxxvm.
833 521 880 587 (s.
894 521 953 573 cnr.
967 522 1038 588 ras.)
1232 527 1285 584 131

264 705 439 777 xercitum,
465 715 495 764 et
522 706 661 777 classem,
691 724 755 780 quae
783 706 823 764 ibi
850 717 941 778 esset,
970 705 1094 766 Romam
1122 704 1260 768 reducere
1287 710 1329 769 M.

264 812 469 887 lempronium
498 824 718 889 propraetorem.
766 812 917 888 Hispaniis
944 812 1064 888 singulas
1090 814 1235 889 legiones,
1264 818 1359 890 quaed

264 937 314 976 um
334 920 372 976 in
395 918 433 976 iis
454 920 612 995 provinciis
632 929 724 989 erant,
744 919 875 987 decreta,
897 928 925 975 et
941 929 973 974 ut
990 930 1073 976 terna
1085 919 1175 977 millia
1189 922 1327 996 peditum,

264 1023 388 1082 lucanos
401 1025 514 1100 equites
528 1026 615 1082 ambo
626 1035 764 1101 praetores
774 1024 805 1081 in
814 1024 1044 1099 supplementum
1056 1026 1143 1083 sociis
1153 1025 1327 1102 imperarent

265 1140 661 1207 ecumquetransportarsnt.
672 1131 848 1205 Priusquam
856 1130 1058 1205 inprovineias
1066 1133 1133 1189 novi
1142 1134 1326 1209 magistratus
1339 1137 1358 1192 4

264 1236 520 1307 troficiscerentur,
540 1236 714 1313 supplicatio
735 1236 861 1293 triduum
883 1255 937 1311 pro
958 1236 1079 1312 collegio
1098 1238 1325 1298 decemvirorum

265 1352 403 1416 asperata
415 1340 471 1399 fuit
488 1343 518 1400 in
531 1343 665 1400 omnibus
681 1342 823 1417 compitis,
840 1342 919 1416 quod
934 1341 998 1398 luca
1008 1342 1082 1399 inter
1095 1344 1195 1400 horam
1210 1347 1325 1404 tertiam

264 1441 347 1505 imre
358 1457 390 1504 et
401 1458 536 1523 quartam
548 1450 674 1505 tenebrae
683 1449 793 1505 oborta
804 1448 928 1517 fuerant,
940 1458 968 1503 et
976 1448 1147 1505 novendiale
1153 1451 1324 1509 sacrificium

264 1527 396 1610 ιΙιῑίοῑιιιιι
409 1564 463 1624 sat,
479 1554 557 1629 quod
572 1554 601 1611 in
612 1554 760 1611 Aventino
774 1529 919 1629 lapidibus
930 1553 1077 1629 pluvisset.

340 1657 502 1734 Campani,
529 1679 618 1735 quum
646 1678 696 1717 eos
722 1678 760 1716 ex
788 1671 906 1715 senatus
935 1659 1081 1729 consulto,
1108 1662 1186 1735 qnod
1212 1662 1353 1721 factumb

264 1737 321 1826 h
350 1765 450 1851 priore
478 1784 572 1836 anno,
606 1782 741 1824 censores
770 1764 872 1822 Roma
906 1764 1015 1823 censeri
1042 1766 1204 1841 coegissent
1242 1769 1321 1841 (nam

264 1853 343 1944 flaua
372 1872 514 1929 incertum
546 1872 659 1943 fuerat,
690 1871 740 1927 ubi
768 1870 982 1943 censerentur),
1014 1872 1171 1947 petierunt,
1203 1882 1236 1931 ut
1267 1875 1322 1932 sibi

307 1978 499 2060 saliomanas
517 1978 622 2035 ducere
640 1995 747 2035 uxores
767 1977 866 2033 liceret
887 1986 924 2046 et,
945 1976 970 2033 si
991 1977 1041 2051 qui
1062 1978 1142 2053 prius
1163 1980 1353 2051 duxissentb

316 2083 424 2142 habere
452 2101 518 2153 eas,
554 2079 671 2140 et'nati
700 2093 767 2140 ante
795 2064 859 2140 eam
891 2083 966 2139 diem
991 2069 1035 2139 uti
1061 2083 1129 2141 iusti
1156 2084 1211 2142 sibi
1238 2085 1321 2144 liberi

344 2209 435 2265 esque
462 2199 567 2247 essent.
622 2190 756 2264 Utraque
785 2208 832 2247 res
859 2189 1024 2263 impetrata.
1080 2190 1128 2247 Da
1157 2190 1351 2248 Formianis?

340 2296 464 2370 anisque
492 2295 683 2370 municipibus
712 2306 741 2353 et
770 2296 960 2370 Arpinatibus
988 2293 1021 2355 O.
1049 2295 1185 2352 Valerius
1213 2298 1321 2372 Tappo

316 2420 385 2460 unus
409 2402 504 2477 plebis
526 2401 738 2477 promulgavit,
767 2411 799 2458 ut
818 2401 853 2457 iis
875 2399 1007 2476 suffragii
1029 2401 1100 2458 latio
1129 2402 1208 2474 (nam
1225 2412 1320 2460 'antea

348 2506 494 2584 ruffi-agio
524 2508 688 2568 habuerant
724 2507 882 2576 civitatem)
918 2518 1002 2568 esset.
1051 2507 1138 2578 ¹Huic
1175 2508 1351 2584 rogationi8

336 2635 391 2672 uor
412 2615 522 2671 tribuni
544 2614 644 2689 plebis,
666 2615 735 2688 quia
755 2632 814 2670 non
827 2633 864 2671 ex
877 2589 1328 2700 auctoritatesenatuslerretur,

268 2794 274 2799 -
312 2738 339 2778 m
369 2721 600 2790 intercederent,
636 2719 748 2790 edocti,
787 2721 888 2795 populi
919 2740 1000 2791 esse,
1035 2740 1093 2776 non
1126 2731 1243 2777 senatus
1275 2721 1320 2779 ius

264 2804 436 2904 hagiam,
451 2827 557 2901 quibus
569 2826 648 2896 velit,
663 2826 820 2901 impertire,
840 2825 1008 2883 destiterunt
1022 2826 1145 2902 incepto.
1193 2830 1350 2904 angarios

264 2888 364 3098 &ta
393 2943 455 3002 est,
492 2943 524 2989 ut
553 2952 585 2989 m
610 2932 735 2990 AEmilia
768 2932 844 2998 tribu
873 2933 1022 2989 Formiani
1050 2943 1078 2989 et
1106 2929 1263 3003 Fundani,¹
1290 2936 1319 2992 in

265 3084 271 3121 ¹.
328 3039 389 3097 elia
406 3037 568 3113 Arpinates
589 3036 712 3108 ferrent3
737 3047 825 3111 atque
844 3037 875 3093 in
896 3035 940 3092 his
961 3036 1092 3094 tribubus
1111 3049 1173 3096 tum
1195 3041 1319 3115 primum

264 3134 446 3203 iValerio·
457 3143 609 3219 plebiscito
631 3143 708 3200 censi
727 3153 801 3200 sunt.
831 3143 874 3200 M.
886 3140 1024 3198 Claudius
1036 3142 1191 3201 Marcellus
1209 3150 1372 3218 censor,10
1406 3211 1411 3220 x

264 3234 328 3310 Re
354 3231 499 3326 superato
526 3250 563 3309 Τ.
591 3250 744 3323 Quinctio,
780 3248 902 3304 lustrum
934 3247 1069 3306 condidit.
1132 3247 1228 3306 Censa
1254 3262 1321 3308 sunt
1377 3241 1379 3244 ⁸

264 3348 356 3415 l'ium
381 3356 484 3431 capita
504 3356 629 3413 ducenta
650 3355 861 3430 quinquaginta
882 3364 948 3410 octo
971 3333 1060 3409 millia
1081 3356 1319 3429 trecentadecem

265 3470 378 3521 *octo
428 3462 538 3520 Lustro
561 3461 690 3538 perfecto
712 3460 844 3517 consules
865 3459 894 3514 in
916 3459 1080 3533 provincias
1101 3460 1223 3535 profecti
1244 3474 1319 3521 sunt.

332 3568 445 3627 Hieme
467 3587 518 3637 ea,
540 3587 600 3642 qua
620 3569 682 3624 hac
702 3566 804 3623 Romae
825 3575 908 3639 gesta
930 3574 1012 3633 sunt,
1035 3565 1073 3621 ad
1095 3563 1146 3625 Cn.
1169 3567 1320 3637 Manlium,
1374 3563 1415 3634 37

265 3675 400 3733 usulem
432 3674 573 3750 primum,
602 3673 668 3730 dein
697 3670 911 3747 proconsule,
944 3669 1142 3728 hibernantem
1176 3672 1205 3728 in
1236 3674 1321 3744 Asia,

264 3772 416 3843 senones
443 3780 572 3854 undique
601 3798 638 3836 ex
670 3777 804 3834 omnibus
829 3776 993 3833 civitatibus
1020 3777 1225 3852 gentibusque,
1258 3799 1322 3856 qnae

264 3888 290 3929 ⁸·
322 3889 459 3945 Taurum
489 3896 616 3943 montem
644 3883 789 3952 incolunt,
827 3882 1045 3939 conveniebant.
1090 3884 1130 3941 Et
1159 3894 1190 3941 ut
1217 3885 1352 3944 clariori

264 3980 439 4066 buiorque
461 3990 584 4047 victoria
605 3989 746 4046 Romanis
776 3988 813 4043 de
837 4006 907 4062 rege
927 3989 1074 4045 Antiocho
1095 3989 1151 4046 fuit
1172 4010 1259 4065 quam
1287 3992 1323 4048 de

264 4092 366 4170 ullis,
402 4087 446 4154 ita
473 4097 567 4154 laetior
597 4094 683 4151 sociis
709 4102 772 4150 erat
799 4094 835 4150 de
862 4092 957 4151 Gallis
986 4113 1072 4168 quam
1100 4094 1136 4151 de
1164 4096 1322 4154 Antiocho.

264 4196 453 4260 t*lerabilior
473 4202 567 4276 ¹regia
599 4200 722 4257 servitus
757 4199 853 4256 fuerat
893 4218 979 4272 quam
1018 4200 1118 4258 feritas
1154 4202 1353 4261 immanium3

264 4308 449 4366 *bbarorum
477 4307 662 4379 incertusque
691 4306 720 4363 in
749 4305 810 4362 dies
839 4315 946 4372 terror,
975 4324 1033 4380 quo
1048 4307 1140 4364 'velut
1167 4316 1325 4384 tempestas

1096 4408 1125 4460 9·
