3484 5025
468 517 528 576 244
746 515 826 567 Liber
845 511 907 570 XL,
939 516 988 580 (Δ.
1007 531 1041 567 a:
1055 532 1079 567 c.
1099 518 1175 579 tlt)

396 699 572 771 asciscant,
614 703 797 763 obsederunt.
858 702 894 760 In
929 701 1102 777 mannum
1139 676 1309 763 nortorum
1345 704 1420 762 anti
1450 704 1476 761 n.

427 807 579 866 Postumio
601 809 710 867 Aluum
732 808 849 883 aarum
875 806 1027 867 crucum
1057 809 1271 879 manaverat,
1308 791 1345 866 ιη’
1364 808 1399 881 Q.
1419 808 1478 865 rn-

395 914 505 973 dvium
526 914 677 973 certiorem
699 913 824 982 laceret,
855 913 1053 972 Tarraconem
1076 916 1237 973 exercitum
1260 915 1430 973 adduceret:
1446 914 1479 972 ibi

424 1021 571 1078 dimittere
579 1031 732 1079 veteranus
742 1020 999 1096 supplementaque
1007 1019 1181 1078 distribuere
1189 1031 1218 1079 et
1226 1021 1368 1079 ordinare
1381 1038 1479 1077 omnen

327 1158 329 1164 ·
427 1126 584 1185 exercitum
611 1145 675 1185 sese
700 1125 788 1195 velle,
821 1126 883 1182 dies
911 1144 1044 1200 quoque,
1073 1134 1103 1183 et
1131 1146 1168 1184 ea
1198 1128 1388 1203 propinqua,
1416 1126 1481 1182 editt

398 1232 535 1291 bFlaoco
556 1243 609 1302 est,
642 1251 701 1307 que
728 1248 879 1290 successor
906 1240 981 1288 esset
1007 1241 1155 1291 venturus.
1206 1234 1285 1291 Hreo
1306 1250 1386 1290 nove
1406 1232 1481 1289 allata

427 1358 473 1397 res
504 1338 634 1407 omissis,
656 1356 721 1413 qum
741 1354 830 1412 agere
849 1337 1027 1409 instituerat,
1055 1337 1194 1405 Flaoeum
1220 1338 1332 1414 raptim
1356 1339 1483 1396 deducere

428 1444 584 1502 exereitum
606 1419 643 1501 er
665 1442 821 1502 Celtiberia
838 1462 927 1518 quum
949 1444 1100 1519 coegisset,
1121 1444 1253 1513 barbari,
1276 1462 1377 1502 caussa
1394 1444 1483 1520 ignari,

428 1550 509 1607 sdum
531 1548 722 1607 deleon'ouem
755 1558 784 1605 et
809 1550 884 1607 olam
911 1561 1082 1628 comparata
1113 1569 1197 1607 arma
1225 1549 1356 1608 semime
1382 1569 1443 1608 eum
1461 1562 1483 1607 et

398 1655 609 1731 bpertimuisse
640 1654 712 1725 rati,
742 1673 778 1712 eo
807 1653 934 1713 ferocius
964 1656 1069 1713 saltum
1101 1631 1282 1717 insederunt.
1338 1658 1399 1718 Ubi
1428 1676 1484 1715 eun

428 1762 533 1819 saltum
554 1762 650 1838 prime
670 1761 734 1818 luce
756 1778 860 1836 agmen
882 1763 1045 1820 Romanum
1066 1760 1200 1832 intravit,
1222 1773 1348 1839 repente
1362 1782 1406 1821 »ex
1425 1764 1484 1821 dut·

356 1888 361 1896 ·
399 1868 483 1926 lbus
503 1869 634 1943 partibus
655 1866 741 1923 simul
767 1867 861 1925 exorti
890 1867 1159 1926 hostes-Romanos
1179 1868 1365 1929 invaserunt.
1411 1869 1484 1943 Quod

429 1973 478 2030 ubi
500 1971 572 2029 vidit
593 1973 730 2043 Flaccus,
760 1972 870 2048 primos
892 1972 1029 2030 tumultus
1050 1972 1080 2029 in
1100 1973 1216 2048 agmine
1239 1989 1297 2049 per
1316 1976 1485 2033 centuriones

430 2089 507 2137 stare
531 2096 646 2147 omnes,
678 2097 731 2136 suo
761 2097 906 2154 quemque
933 2078 1014 2150 loco,
1046 2088 1076 2135 et
1103 2097 1186 2136 arma
1206 2081 1353 2156 expedire
1374 2080 1485 2139 iubendo

399 2182 553 2255 8sedavit,
574 2195 604 2242 et
624 2184 745 2242 sarcinis
765 2184 956 2258 iumentisque
977 2184 1007 2241 in
1028 2201 1115 2242 nuum
1136 2185 1234 2273 locutu
1256 2188 1380 2258 coactis,
1401 2188 1486 2263 copias

431 2309 532 2348 ornnes
553 2290 659 2366 purtim
679 2291 752 2367 ipse,
772 2289 887 2365 partim
898 2307 952 2365 per
971 2290 1084 2364 legatos
1106 2290 1300 2366 tribunosque
1313 2293 1445 2362 militnm,
1462 2303 1487 2349 ut

431 2408 559 2472 tempus,
595 2408 627 2453 ut
652 2396 733 2453 locus
754 2396 937 2472 postulabat,
969 2396 1030 2452 siue
1055 2396 1115 2453 ulla
1135 2397 1335 2472 trepidatione
1356 2400 1486 2468 instruxit,

400 2500 494 2562 {lcum
518 2503 563 2560 bia
584 2503 768 2562 deditionem
791 2522 855 2561 esse
877 2502 1051 2572 admonens;
1080 2501 1173 2560 scelus
1200 2513 1231 2560 et
1252 2506 1409 2580 perfidiam
1434 2505 1487 2570 illia

431 2630 489 2667 non
515 2610 650 2667 virtutem
677 2628 731 2668 uec
756 2610 884 2666 animum
911 2609 1080 2677 arcessisse;
1122 2608 1249 2665 reditum
1283 2612 1486 2686 ignobilemin

431 2717 555 2791 patriam
578 2717 687 2773 clarum
710 2734 745 2773 ao
769 2717 985 2773 memorabilem
1007 2733 1057 2772 eos
1079 2714 1135 2771 sibi
1154 2713 1276 2785 feciss03
1304 2728 1440 2787 muentos
1457 2736 1486 2774 ex

430 2823 537 2879 recenti
559 2821 636 2879 eaede
657 2822 781 2879 hostium
804 2822 918 2897 gladios
939 2831 968 2878 et
990 2820 1137 2879 manantia
1163 2823 1310 2895 sanguiue
1333 2825 1483 2901 spoliallo·

384 2927 419 2981 10
433 2946 508 2983 marn
532 2927 570 2983 ad
590 2928 767 3002 triumphum
792 2927 949 2984 delaturos.
996 2926 1088 2984 Plura
1109 2927 1165 2983 diui
1187 2937 1307 3002 tempus
1330 2948 1392 2987 non
1411 2929 1483 3005 potia·

432 3033 532 3101 batur;
570 3032 747 3090 invehebant
777 3051 809 3089 se
829 3034 942 3100 hostes,
984 3042 1012 3089 et
1042 3032 1072 3088 in
1103 3033 1237 3108 partibus
1271 3037 1413 3093 extremis
1440 3036 1482 3091 iun

336 3128 379 3200 40
432 3140 626 3214 pugnabatur.
651 3138 765 3196 Deinde
784 3138 860 3195 acies
876 3147 1089 3196 concurrerunt.
1118 3140 1216 3196 Atrox
1230 3139 1347 3215 ubique
1360 3116 1483 3218 prmlidn,

432 3243 483 3300 sed
512 3243 595 3300 veria
617 3243 735 3301 fortuna
763 3253 833 3303 erat.
877 3243 1172 3320 Egregielegioues,
1205 3263 1262 3301 neo
1296 3249 1416 3322 segnius
1435 3247 1482 3302 due

433 3348 486 3405 alae
507 3350 688 3424 pugnabant3
721 3359 841 3407 externa
863 3350 972 3408 auxilia
999 3352 1037 3407 ab
1066 3349 1152 3406 simili
1178 3358 1352 3424 armatura,
1386 3353 1483 3410 meliors

432 3452 611 3528 aliquantum
623 3455 743 3512 militum
759 3474 864 3530 genere
878 3449 1063 3530 urgebantur,
1078 3474 1131 3512 nac
1145 3455 1242 3513 locum
1258 3458 1337 3515 tueri
1359 3465 1482 3535 poteraut

402 3557 571 3615 2Celtiberi
592 3560 642 3617 ubi
663 3561 797 3618 ordinato
818 3562 881 3619 acie
902 3569 931 3618 et
952 3560 1042 3636 signis
1064 3560 1176 3618 collatis
1198 3580 1229 3617 ee
1251 3579 1314 3618 non
1337 3582 1403 3621 esse
1415 3580 1483 3640 peres

402 3664 594 3738 3legi0nibus
615 3676 774 3736 senserunt,
796 3685 887 3725 cuneo
909 3667 1130 3742 impressionem
1140 3665 1283 3736 fecerunt,
1306 3678 1369 3742 quo
1391 3680 1483 3726 tautum

433 3769 531 3826 valent
551 3789 656 3844 genere
677 3791 790 3847 pugnus,
822 3783 862 3843 ut,
895 3778 1066 3847 quecunque
1082 3778 1177 3847 'parte
1198 3774 1350 3847 pertulere
1379 3775 1484 3849 impetus

404 3881 406 3886 '
434 3895 512 3945 suos,
533 3877 668 3934 sustiness
691 3891 844 3952 nequeant.
888 3879 972 3935 Tunc
995 3897 1110 3953 quoque
1131 3860 1257 3935 turbatos
1278 3879 1412 3955 legiones
1424 3888 1483 3937 sunt

403 3984 525 4058 lprope
564 3981 724 4057 interrupta
763 3985 848 4041 acies.
906 3984 1002 4056 Quam
1037 3983 1259 4059 trepidationem
1293 3969 1346 4043 ubi
1379 3987 1483 4044 Flaccus

434 4088 593 4162 conspexit,
622 4107 697 4162 equo
719 4091 871 4148 advehitur
892 4091 931 4147 ed
951 4090 1126 4167 legionarios
1148 4090 1261 4164 equites
1285 4099 1329 4148 e't:
1355 4092 1412 4159 „ui
1430 4087 1482 4164 quid

434 4194 533 4250 auxilii
555 4195 583 4250 in
605 4194 688 4250 vobis
710 4205 763 4265 est,
785 4204 880 4252 actum
903 4195 961 4252 iarn
986 4197 1022 4252 de
1043 4197 1099 4253 hoc
1126 4196 1256 4253 exercitu
1284 4197 1370 4257 erit.“
1404 4197 1481 4269 Quum

434 4299 560 4372 undique
573 4299 871 4376 acclamassent-,quin
887 4302 993 4370 ederet,
1009 4302 1077 4376 quid
1094 4303 1156 4358 fieri
1170 4302 1276 4371 vellet,
1299 4322 1361 4361 non
1378 4302 1483 4379 segniter
