3484 5025
474 558 529 611 ltili
730 552 967 603 Liberxxxvln.
983 554 1061 615 (A.n.
1076 567 1098 603 e.
1113 554 1187 617 565.)

343 773 351 785 κ
398 754 551 811 (equorum
574 749 640 812 post
662 740 817 795 adventum
834 740 883 814 agi
905 750 1029 815 coeptum
1052 750 1096 797 est
1110 741 1147 796 de
1162 758 1247 814 pace.
1297 738 1465 814 Amynander,

429 843 507 915 quod
529 844 572 898 sui
589 844 714 899 maxime
728 846 823 918 operis
844 857 914 913 erat,
937 846 1059 920 impigre
1080 846 1197 920 agebat,
1224 855 1255 900 ut
1270 844 1466 901 Ambracienses

399 950 413 1002 7
429 946 613 1021 compelleret
628 949 665 1004 ad
681 950 864 1009 deditionem.
908 950 942 1006 In
958 952 986 1006 id
1002 970 1088 1025 quum
1105 970 1157 1026 per
1172 950 1320 1024 colloquia
1334 950 1467 1024 principum

429 1054 584 1109 succedens
607 1072 719 1115 murum
741 1074 843 1128 parurn
867 1057 1027 1130 proficeret,
1049 1067 1196 1131 postremo
1214 1056 1340 1112 consulis
1354 1055 1468 1129 permissu

429 1159 576 1232 ingressrrs
606 1160 705 1215 urbem
733 1160 837 1233 partim
868 1160 1005 1228 consilio,
1034 1162 1139 1236 partim
1168 1161 1304 1235 precibus
1328 1160 1421 1227 evicit,
1448 1169 1469 1213 ut

400 1264 628 1338 8permittercnt
658 1283 689 1320 se
719 1266 866 1321 Romanis.
929 1267 967 1323 Et
995 1267 1115 1342 AEtolos
1139 1265 1172 1325 C.
1208 1267 1356 1334 Valerius,
1381 1263 1469 1322 Laerini
1497 1336 1499 1358 Ι

429 1367 514 1437 filius,
538 1369 586 1442 qui
611 1388 675 1426 cum
699 1390 734 1426 ea
755 1382 840 1444 gente
863 1371 985 1445 primum
1012 1361 1167 1427 amicitiam
1185 1370 1348 1446 pepigerat,
1369 1370 1468 1427 consulis
1497 1361 1499 1416 ἓ

396 1471 521 1533 llfrater
544 1485 634 1533 {tratre
657 1477 756 1532 eadent
782 1477 910 1550 genitus,
941 1476 1055 1550 egregie
1084 1476 1206 1535 adiuvit.
1272 1476 1468 1532 Ambracienses

430 1582 510 1655 prius
533 1583 627 1655 panti,
662 1595 692 1637 ut
714 1582 882 1639 AEtolorum
918 1583 1073 1638 araxiliares
1103 1582 1165 1637 sine
1193 1579 1300 1637 fraude
1326 1581 1467 1641 emitterent

431 1698 604 1760 aperuerunt
636 1698 745 1760 portas.
779 1742 784 1751 ,
810 1688 887 1743 Dein
909 1682 976 1761 Μ)
1001 1688 1157 1761 quingenta
1179 1686 1314 1742 Euboica
1342 1697 1372 1741 ut
1391 1685 1466 1740 darent

430 1792 553 1858 talenta,
576 1812 612 1847 ex
637 1793 741 1865 qrribus
764 1793 887 1848 ducenta
910 1792 1078 1867 praesentia,
1107 1802 1236 1849 trecenta
1258 1810 1311 1865 per
1332 1808 1416 1847 annos
1431 1805 1481 1843 sex·

430 1897 616 1971 pensionibus
639 1897 744 1969 aequis3
774 1897 905 1971 captivos
933 1897 1129 1972 perfugasque
1157 1896 1314 1953 redderent
1342 1894 1465 1959 Romania

384 2003 530 2059 10urbem
559 2021 595 2057 ne
630 2021 716 2075 qurum
750 2002 882 2059 formulae
915 2003 959 2058 sui
988 2004 1058 2059 iuris
1089 2000 1235 2070 facerent,
1277 2020 1341 2075 quae
1373 1997 1472 2075 postil'

431 2118 555 2181 tempus,
579 2126 636 2180 quo
649 2109 685 2163 Τ.
706 2107 857 2178 Quinctius
881 2082 1090 2164 traiecissetin
1107 2107 1264 2177 Graeciam,
1288 2116 1338 2161 arrt
1357 2106 1383 2161 vi
1403 2112 1461 2177 captu

432 2213 469 2268 ab
503 2212 644 2269 Romanis
685 2222 760 2267 esset
800 2222 851 2267 aut
892 2212 1042 2268 voluntate
1084 2214 1114 2268 in
1155 2212 1313 2269 amicitiam
1352 2210 1460 2270 venissen

302 2326 307 2344 ¹
383 2324 412 2376 ll
431 2316 620 2391 Cephallenia
643 2318 737 2372 insula
753 2327 784 2373 ut
798 2328 881 2372 extra
902 2318 947 2373 ius
966 2318 1083 2374 foederis
1105 2328 1190 2376 esset.
1234 2318 1308 2374 Haec
1329 2328 1458 2390 quanqum

431 2442 483 2498 spe
505 2424 631 2497 ipsorum
656 2423 804 2495 aliquanto
826 2423 937 2478 leviora
960 2433 1058 2492 erant,
1088 2423 1251 2497 petentibus
1266 2422 1380 2489 AEtolis‚
1399 2413 1459 2475 utel

386 2531 584 2588 l2conuilium
617 2529 769 2596 referrent,
806 2530 975 2602 permissum
1013 2541 1064 2585 est.
1123 2530 1224 2585 Parva
1257 2526 1414 2603 disceptatio
1436 2521 1458 2576 lt

434 2638 551 2692 urbibus
575 2636 680 2703 tenuit,
711 2655 774 2709 quae
794 2654 882 2708 quum
908 2635 951 2689 sui
974 2635 1043 2690 iuris
1066 2634 1224 2707 aliquando
1247 2633 1380 2701 fuissent,
1403 2624 1458 2686 anull

433 2743 512 2798 velut
534 2762 551 2796 a
574 2760 695 2815 corpore
715 2759 767 2795 sno
787 2758 863 2812 segre
887 2739 1082 2813 patiebantur;
1106 2740 1144 2795 ad
1167 2759 1255 2795 unum
1280 2757 1375 2796 omnes
1394 2748 1457 2792 tantu

386 2850 419 2903 l3
434 2847 525 2919 accipi
542 2846 641 2919 pacem
657 2847 809 2900 iusserunt.
855 2846 1080 2901 Ambracienses
1097 2863 1235 2900 coronam
1253 2863 1368 2900 auream
1383 2834 1457 2897 consul

433 2961 545 3006 centurn
570 2961 598 3005 et
626 2951 836 3023 quinquaginta
866 2950 963 3023 pondo
995 2949 1143 3005 dederunt.
1193 2949 1286 3024 Signa
1309 2959 1457 3004 aeneamur·

434 3075 590 3129 moreaque
618 3067 645 3110 et
672 3056 777 3110 tabulae
806 3056 906 3128 pictae,
943 3056 1045 3127 quibus
1069 3055 1200 3110 ornatior
1223 3055 1394 3120 Ambracia,
1416 3046 1457 3122 quit

433 3163 514 3236 regia
542 3162 582 3217 ibi
614 3160 718 3235 Pyrrhi
751 3160 862 3230 fuerat,
900 3180 985 3233 qnam
1024 3170 1126 3215 ceterae
1159 3160 1288 3233 regionis
1323 3161 1379 3216 eius
1404 3154 1457 3212 urta

386 3276 532 3336 merant,
578 3268 693 3322 sublata
736 3266 832 3321 omnia
877 3280 1051 3338 avectaque;
1096 3265 1165 3320 nihil
1210 3280 1351 3339 praeterea
1386 3270 1457 3319 tanturn

434 3372 620 3428 violatumve.

342 3464 379 3533 ll)
518 3477 671 3533 Profectus
701 3476 738 3530 ab
762 3475 921 3531 Ambracia
952 3474 1051 3530 consul
1079 3476 1106 3530 in
1136 3475 1349 3531 mediterranea
1368 3464 1457 3530 AEl⁰llf⁴

434 3583 471 3638 at]
500 3584 600 3656 Argos
633 3581 867 3654 Amphilochium
904 3580 1017 3653 (viginti
1048 3581 1104 3634 duo
1140 3580 1231 3635 millia
1269 3581 1306 3636 ab
1341 3569 1457 3636 Ambruu's
1497 3640 1499 3660 ἶ

434 3688 527 3758 abest)
543 3696 639 3743 castra
653 3687 759 3760 posuit.
809 3686 853 3741 Eo
870 3687 983 3741 tandem
1002 3686 1088 3759 legati
1106 3685 1210 3750 AEtoli,
1235 3685 1357 3741 mirante
1371 3674 1456 3739 consue
1493 3736 1499 3747 ,

403 3789 511 3865 ‘lqnod
552 3802 746 3860 morarentur,
786 3803 933 3849 venerunt.
1003 3792 1084 3860 Inde,
1124 3801 1282 3864 postquam
1321 3786 1456 3864 approbasse
1490 3758 1499 3865 j

434 3917 535 3971 pacem
567 3898 717 3952 concilium
741 3896 908 3954 AEtolorum
933 3896 1059 3970 accepit,
1087 3896 1173 3950 iussis
1202 3897 1347 3970 proficisci
1371 3896 1453 3951 Romus

434 4003 471 4058 ad
499 4003 891 4075 senatum„permissoque‚
922 4009 952 4055 ut
981 4012 1009 4056 et
1037 4001 1143 4057 Rhodii
1172 4012 1201 4056 et
1230 4003 1406 4058 Athenienses
1425 3989 1452 4044 lt
1489 3980 1498 4065 ’-

434 4119 598 4182 precatores
622 4108 708 4175 irent,
737 4108 821 4174 (lato,
849 4105 898 4178 qui
928 4105 1013 4160 simul
1042 4123 1106 4161 cum
1134 4105 1169 4160 iis
1192 4107 1416 4179 proficisceretur,
1433 4089 1450 4147 C·

404 4202 555 4268 3Valerio
578 4212 683 4280 fratre,
714 4213 775 4285 ipse
805 4212 831 4265 in
856 4209 1074 4285 Cephalleniam
1103 4210 1223 4268 traiecit.
1275 4208 1450 4278 praeoccupatur
1483 4190 1498 4279 J

298 4436 346 4480 h
453 4389 476 4458 ¹)
495 4394 654 4444 Exciderunt
674 4395 789 4458 quaedam
808 4392 965 4439 huiusmodi:
985 4389 1110 4438 AEtolis
1128 4391 1219 4453 pacis
1240 4391 1330 4454 leges
1347 4388 1421 4435 dicre·
1483 4375 1499 4407 ’·’
