3484 5025
441 444 445 455 ⁴
501 479 555 534 194
760 473 976 525 tinerxxxtx.
1005 472 1208 539 (maccio.)
1246 552 1251 560 ¹

452 680 512 719 vox
534 670 645 718 tantum
667 659 693 717 ei
716 657 847 717 favorem
871 658 1011 731 accendit,
1035 670 1067 718 ut
1087 660 1168 718 baud
1190 660 1299 719 dubius
1320 672 1500 737 praetorosnet,

404 763 477 826 tasi
499 766 599 824 consul
621 766 752 843 accipere
778 785 884 823 nomen
902 765 999 828 vellet.
1047 748 1155 843 Ingens
1178 777 1329 824 certamen
1352 767 1500 824 tribuniset

452 875 527 931 inter
547 892 579 931 se
607 872 686 948 ipsos
714 883 744 929 st
771 889 836 928 cum
868 872 987 930 consule
1008 870 1072 942 fuit,
1101 871 1194 929 donec
1222 884 1344 929 senatus
1366 892 1384 928 a
1404 872 1499 928 consule

403 980 439 1035 ll
452 958 495 1037 est
516 977 632 1036 babitus
653 978 865 1052 decretumque,
888 977 1036 1052 qnoniam,
1057 979 1190 1053 praetoris
1211 978 1394 1056 subrogandi
1404 977 1497 1035 comitis

450 1080 487 1144 ne
508 1085 619 1160 legibus
641 1085 750 1153 fierent,
772 1083 932 1159 pertinacia
953 1081 989 1156 Q.
1002 1082 1101 1140 Flacci
1112 1094 1140 1139 et
1151 1103 1247 1159 prava
1263 1083 1495 1141 studiahominun

378 1203 380 1210 '
402 1194 437 1249 15
450 1190 630 1267 impedirent,
654 1200 784 1247 senatum
807 1206 924 1246 censere
946 1188 1017 1245 satis
1040 1200 1195 1264 pratorum
1208 1208 1289 1259 esse;
1309 1190 1348 1247 P.
1371 1186 1494 1246 Cornelius

450 1309 603 1372 utramque
636 1296 667 1353 in
697 1297 767 1352 urbe
795 1294 1020 1353 iurisdictionem
1051 1296 1173 1353 baberet
1208 1296 1404 1372 Apollinique
1431 1294 1492 1351 ludos

448 1399 566 1460 iaceret.

532 1506 587 1564 His
613 1506 735 1564 comitiis
766 1506 921 1582 prudentia
952 1517 981 1563 et
1006 1506 1111 1563 virtute
1142 1514 1268 1604 senatuq
1292 1504 1422 1575 sublatis,
1449 1505 1489 1563 alis

450 1613 567 1671 maioris
589 1614 762 1683 certaminis,
785 1631 843 1687 quo
865 1624 894 1670 et
915 1613 1025 1670 maiore
1046 1612 1082 1668 de
1103 1632 1136 1670 re
1157 1624 1186 1669 et
1206 1613 1283 1670 inter
1304 1611 1488 1688 plureapotcn·

337 1770 340 1775 .
416 1720 593 1794 2tioresque
620 1719 709 1788 viros,
737 1730 805 1784 sunt
830 1728 942 1775 exorta.
995 1716 1155 1776 censuram
1189 1738 1306 1775 summa
1335 1719 1486 1777 contentione

446 1826 584 1906 petebant
604 1826 640 1883 1..
662 1824 799 1882 Valerius
820 1823 954 1894 Flaccus,
975 1825 1010 1881 P.
1033 1836 1062 1880 et
1077 1825 1110 1881 L.
1133 1823 1297 1899 Scipiones,
1321 1823 1374 1883 Cn.
1389 1826 1485 1883 Manlius

416 1931 549 2002 avulso,
571 1932 606 1989 1..
628 1930 735 1989 Furius
756 1930 902 2005 Purpurio
929 1930 1051 2005 patricii,
1077 1920 1183 2004 plebeii
1206 1940 1305 1987 autem
1328 1932 1370 1989 M.
1391 1932 1484 1989 Porcius

446 2035 530 2107 Cato,
552 2038 595 2099 M.
617 2022 740 2095 Fulvius
766 2035 912 2108 Nobilior,
939 2036 987 2094 Ti.
1017 2047 1046 2092 et
1068 2036 1121 2092 M..
1138 2033 1317 2111 Sempronii,
1346 2038 1483 2113 Longuset

445 2143 623 2213 Tuditanum
661 2144 711 2204 sed
746 2160 846 2200 omnes
878 2142 1015 2217 patricios
1047 2141 1235 2217 plebeiosque
1267 2143 1481 2201 nobilissimum

415 2248 619 2308 liamiliarum
641 2250 682 2309 M.
705 2248 827 2307 Porcius
850 2248 938 2324 longe
959 2247 1097 2305 anteibat.
1141 2248 1176 2305 ln
1201 2249 1259 2305 hoc
1279 2249 1345 2306 viro
1366 2247 1481 2306 tentavit

445 2355 533 2412 animi
553 2355 719 2431 ingeniique
729 2355 792 2426 fnit,
813 2366 854 2427 ut,
879 2372 1051 2429 quocunque
1071 2354 1136 2411 loco
1158 2366 1243 2412 natus
1256 2365 1343 2422 esset,
1364 2354 1480 2412 fortuma

443 2460 498 2538 sibi
524 2461 587 2537 ipse
607 2461 736 2520 facturus
760 2460 849 2518 fnisse
877 2460 1035 2518 videretur.
1082 2459 1173 2519 Nulla
1201 2479 1251 2518 ars
1274 2480 1370 2537 neque
1390 2462 1479 2538 privata

442 2587 536 2642 neque
563 2570 686 2644 publice
713 2568 755 2624 rei
776 2568 909 2643 gerendae
928 2566 953 2623 ei
969 2564 1068 2626 defuit.
1101 2567 1240 2626 Urbanas
1262 2569 1437 2643 rusticasque
1451 2583 1478 2623 ru

412 2672 551 2748 bpariter
573 2675 705 2734 callebat.
739 2675 788 2731 Ad
810 2691 938 2730 summos
959 2674 1084 2730 honores
1100 2672 1173 2730 alios
1195 2674 1318 2731 scientia
1333 2676 1409 2743 iuris,
1430 2674 1476 2731 aliu

442 2779 617 2851 eloquentia,
639 2779 712 2836 alios
735 2780 829 2855 gloria
850 2778 982 2835 militaris
1003 2780 1153 2856 provexit3
1182 2779 1249 2834 huic
1271 2781 1406 2837 versatile
1424 2781 1475 2854 inge

441 2886 520 2942 nium
550 2886 591 2942 sic
618 2886 726 2960 pariter
748 2887 785 2943 ad
815 2886 912 2943 omnia
934 2884 997 2954 fuit,
1025 2895 1057 2942 ut
1084 2895 1183 2942 natum
1208 2886 1299 2942 adid
1323 2907 1407 2944 unum
1427 2886 1474 2942 dice

410 2988 497 3062 Grec,
520 2978 711 3066 quodcunque
732 3001 839 3067 ageret.
887 2993 922 3049 In
943 2991 1019 3049 bello
1049 3011 1135 3048 manu
1155 2991 1333 3050 fortissimus
1355 2993 1472 3065 multisque

439 3095 598 3172 insignibus
620 3097 715 3155 clarus
740 3098 858 3175 pugnis3
890 3098 976 3169 idem,
997 3110 1151 3173 postquam
1174 3099 1212 3155 ud
1235 3118 1360 3175 magnos
1381 3101 1471 3156 honoro
1515 3168 1518 3189 .

439 3204 579 3280 pervenit,
607 3221 735 3261 summus
759 3203 932 3279 imperator3
961 3204 1035 3262 idem
1059 3204 1087 3260 in
1110 3223 1191 3279 pace,
1214 3205 1239 3262 si
1263 3208 1310 3261 ins
1332 3205 1469 3269 consulent,
1514 3238 1518 3296 Ι

409 3308 637 3387 iperitissimus,
669 3310 694 3366 si
723 3327 812 3366 causa
840 3308 951 3366 oranda
982 3319 1065 3380 esset,
1098 3309 1367 3404 eloquentissimus,
1397 3305 1469 3367 necis
1514 3364 1518 3401 u

438 3427 559 3487 tantum,
582 3417 662 3474 cuius
682 3414 781 3490 lingua
802 3415 869 3472 vivo
893 3435 927 3472 eo
949 3415 1081 3491 viguerit,
1106 3429 1323 3474 monumentum
1336 3412 1469 3492 eloquentia
1514 3469 1518 3506 2

438 3521 547 3578 nullum
584 3532 690 3591 exstet3
721 3521 794 3579 vivit
821 3522 910 3579 immo
936 3522 1072 3596 vigetque
1102 3522 1268 3597 eloquentia
1297 3525 1358 3581 eius
1388 3528 1469 3580 sacrttt
1514 3577 1518 3611 Ι

407 3627 553 3702 8scriptis
581 3627 673 3683 omnis
701 3626 823 3701 generis.
892 3626 1046 3686 Orationes
1074 3639 1103 3685 et
1137 3648 1190 3705 pro
1220 3648 1251 3686 sc
1280 3631 1378 3687 multae
1399 3640 1424 3686 et
1438 3639 1468 3701 pn
1514 3662 1518 3717 l

438 3732 501 3788 aliis
524 3732 601 3789 etin
624 3733 710 3803 alios;
738 3752 805 3790 nam
832 3752 892 3790 non
921 3734 1014 3791 solum
1049 3735 1222 3804 accusando,
1250 3736 1303 3792 sed
1325 3737 1410 3794 ctiam
1428 3747 1470 3791 ut·
1515 3769 1518 3824 t

406 3841 500 3897 dcam
534 3837 655 3896 diceudo
690 3839 826 3915 fatigavit
846 3840 986 3900 inimicos.
1041 3840 1209 3899 Simultates
1230 3841 1320 3898 nimio
1348 3841 1471 3916 ploret
1517 3899 1518 3911 ,

438 3956 628 4001 exercuerunt
650 3965 713 4002 eum
733 3956 761 4003 et
781 3946 845 4021 ipse
866 3947 995 4004 exercuit
1016 3964 1075 4016 aas,
1096 3965 1149 4004 nec
1164 3944 1249 4003 facile
1262 3947 1382 4016 dixeris,
1403 3956 1470 4002 utrutt

435 4051 529 4125 magis
554 4050 690 4127 presserit
718 4070 783 4107 eum
811 4051 964 4121 nobilitas,
992 4072 1030 4110 an
1059 4052 1108 4109 illc
1130 4051 1285 4127 agitaverit
1310 4051 1471 4108 nobilitatem.

388 4161 423 4217 10
436 4156 544 4229 Asperi
565 4155 666 4232 procul
687 4156 775 4213 dnbio
797 4157 886 4215 animi
907 4169 936 4216 et
950 4158 1177 4235 linguaeacerbae
1198 4169 1226 4213 et
1236 4157 1392 4215 immodice
1401 4157 1473 4214 libert

435 4258 499 4332 fuit,
520 4263 570 4318 sed
591 4262 690 4319 invicti
712 4282 731 4320 a
751 4263 957 4339 cupiditatibus
979 4263 1077 4337 animi,
1104 4264 1204 4340 rigidae
1227 4265 1407 4336 innocentia,
1425 4276 1472 4318 cot·
