3484 5025
486 531 540 587 126
732 513 977 575 ttterxxxvnt.
997 525 1043 587 (s.
1057 526 1202 591 usses.)
1299 549 1302 556 .

439 713 532 769 solum
556 712 681 769 hostium
704 710 906 780 vulnerabant,
928 711 979 768 sed
1001 728 1085 785 quem
1102 710 1200 768 locum
1220 711 1412 769 destinassent
1431 714 1483 772 oris.

326 804 330 812 ¹
410 827 427 882 8
440 819 495 875 Ha
503 816 601 874 fundar
612 817 743 875 Samaeos
755 817 953 885 cohibuerunt,
965 825 1069 872 oetam
1088 817 1192 874 crebro
1204 835 1282 874 neve
1293 826 1353 874 tam
1366 817 1484 875 audacter

441 934 633 998 erumperent,
647 923 721 980 adeo
733 934 764 981 nt
776 932 963 999 precarentur
979 940 1016 978 ex
1032 923 1121 979 muris
1140 924 1282 992 Achaeos,
1300 936 1332 981 ut
1349 944 1484 1001 parumper

441 1030 629 1086 abscederent
637 1039 772 1086 etsecum
782 1028 923 1087 Romanis
931 1028 1103 1085 stationibus
1109 1039 1276 1105 pugnantes
1288 1030 1483 1105 quietespecto·

409 1146 426 1201 9
440 1146 512 1192 rent.
537 1134 683 1209 Quattuor
696 1154 808 1193 menses
820 1133 998 1192 obsidionem
1011 1134 1100 1193 Same
1110 1136 1258 1195 sustinuit.
1271 1118 1369 1208 Quum
1382 1155 1418 1193 ex
1428 1155 1482 1212 pau·

440 1241 481 1296 cis
492 1241 621 1315 qnotidie
632 1240 722 1313 aliqui
733 1258 832 1296 eorum
843 1239 980 1297 caderent
992 1251 1042 1297 aut
1052 1240 1277 1298 vulnerarentur
1288 1252 1327 1311 et,
1339 1244 1388 1318 qui
1402 1261 1482 1320 super·
1501 1249 1503 1256 '

392 1360 426 1412 10
440 1356 530 1416 erant,
552 1346 622 1406 fessi
644 1356 673 1403 et
694 1345 864 1419 corporibus
887 1357 915 1401 et
934 1345 1037 1403 animis
1059 1356 1164 1417 essent,
1185 1347 1316 1407 Romani
1344 1360 1426 1407 nocto
1443 1369 1481 1425 pa

440 1472 546 1521 arcem,
569 1471 656 1527 quam
669 1456 686 1525 †
699 1449 887 1527 Cyneatidem
911 1461 1017 1508 vocant
1039 1449 1119 1527 (nam
1141 1452 1212 1509 urbs
1234 1452 1266 1509 in
1287 1473 1370 1511 mare
1390 1455 1480 1514 devexa

373 1585 376 1594 ·
439 1559 468 1616 in
491 1558 667 1615 occidentem
689 1555 815 1635 vergit),
838 1576 920 1614 muro
942 1566 1096 1633 superato,
1125 1557 1155 1613 in
1177 1556 1286 1615 forum‘
1297 1569 1477 1635 pervenerunt

391 1678 422 1732 ιι
440 1664 546 1723 Samari
569 1675 723 1739 postquam
746 1673 861 1739 captam
885 1674 995 1739 partem
1019 1662 1098 1719 urbis
1120 1663 1157 1719 ab
1178 1664 1314 1722 hostibus
1340 1676 1473 1734 senserunt

339 1793 341 1798 ·
440 1791 504 1828 curn
527 1770 698 1845 coniugibus
720 1788 755 1827 ao
774 1770 873 1827 liberis
894 1770 924 1826 in
946 1770 1084 1826 maiorem
1109 1768 1279 1845 refugerunt
1291 1790 1396 1833 arcem.
1425 1771 1475 1832 lutlt

439 1886 557 1952 postero
580 1875 627 1932 die
650 1875 753 1942 dediti,
775 1875 889 1950 direpta
910 1877 990 1946 urbe,
1012 1875 1065 1932 sub
1086 1894 1196 1933 corona
1218 1895 1321 1933 omnes
1342 1879 1472 1942 venierunt

345 1979 387 2049 30
531 1955 641 2039 Oonsul
671 1982 839 2057 compositis
870 1982 958 2039 rebus
992 1979 1202 2057 Cephallenia,
1235 1984 1371 2058 prasidio
1403 1985 1436 2044 Sa

439 2090 584 2165 imposito,
605 2089 636 2145 in
656 2088 899 2164 Peloponnesum,
921 2087 979 2143 iam
1000 2086 1049 2142 diu
1069 2088 1284 2145 accersentibus
1309 2088 1467 2164 AEgiensrhu

409 2195 567 2255 lmaxime
589 2212 624 2252 ao
643 2194 880 2263 Lacedaemoniis,
897 2192 1019 2250 traiecit.
1054 2193 1363 2270 AEgiumapriucipio
1376 2191 1465 2253 Achcil
1500 2217 1503 2225 ¹

439 2279 552 2357 concilii
584 2318 699 2376 semper
730 2310 890 2358 conventus
918 2298 1012 2375 gentis
1042 2298 1141 2356 indicti
1171 2310 1254 2371 sunt,
1284 2319 1337 2358 seu
1368 2295 1464 2376 otgunt

409 2408 517 2468 3nrbis
538 2407 568 2462 id
589 2424 640 2463 seu
662 2406 719 2463 loci
740 2406 949 2481 opportunitati
974 2405 1073 2461 datum
1095 2414 1147 2461 est.
1193 2406 1282 2463 Hunc
1298 2423 1403 2465 morem
1420 2405 1463 2465 ΡΗ-

437 2517 580 2589 lopoemen
602 2532 637 2570 eo
658 2515 781 2589 primum
804 2534 881 2571 anno
903 2512 1081 2570 labefactare
1100 2524 1238 2583 conatus,
1259 2513 1354 2589 legem
1375 2515 1462 2591 parata

438 2620 524 2689 ferre,
546 2620 628 2676 utin
653 2619 786 2676 omnibus
808 2619 989 2689 civitatibus,
1022 2637 1086 2693 quae
1107 2619 1231 2676 Achaici
1254 2622 1366 2678 concilii
1392 2628 1462 2685 essm
1489 2616 1503 2646 ‘⁶

407 2725 467 2788 4in
489 2724 582 2780 vicem
612 2735 770 2781 conventus
797 2736 964 2800 agerentur3
993 2734 1022 2781 et
1048 2725 1101 2781 sub
1123 2724 1280 2782 adventum
1306 2724 1461 2785 consulislr
1498 2732 1503 2741 ‘

440 2831 558 2905 miurgis
580 2830 749 2900 civitatium,
772 2832 821 2905 qui
843 2850 972 2888 summus
995 2842 1038 2888 est
1060 2830 1264 2905 magistratus,
1286 2835 1404 2909 AEgium
1421 2849 1462 2889 arc
1496 2828 1503 2859 ³

438 2937 587 3006 cantibus,
619 2937 818 3011 Philopoemen
851 2938 971 3011 (prator
998 2946 1057 2993 tum
1087 2941 1162 3011 erat)
1192 2941 1294 3014 Argos
1326 2949 1460 2996 conventu
1500 2960 1503 2965 ·

408 3043 537 3106 5edixit.
585 3042 651 3134 Quo
668 3062 754 3116 quum
772 3052 926 3117 appareret
940 3061 1039 3100 omnes
1056 3042 1147 3101 ferme
1165 3055 1373 3113 conventuros,
1396 3034 1462 3102 cond
1497 3052 1503 3059 ‘

440 3156 570 3222 quoque,
598 3168 763 3222 quanquam
792 3148 974 3223 AEgieusium
1003 3148 1122 3205 favebat
1143 3168 1255 3218 cansae,
1278 3154 1377 3226 Argos
1403 3146 1462 3215 veuit

439 3255 488 3310 nbi
510 3273 598 3359 quuqr
621 3255 790 3329 disceptatio
811 3254 914 3311 fuisset
929 3263 957 3310 et
967 3274 1027 3312 rem
1041 3255 1207 3312 inclinatam
1231 3268 1369 3324 cerneret,
1384 3250 1461 3330 incepit
1493 3272 1503 3281 ·

409 3361 556 3424 fidestitit.
617 3359 829 3417 Lacedaemonii
859 3360 962 3415 deinde
989 3380 1053 3417 eum
1081 3362 1110 3417 in
1141 3380 1196 3418 soa
1227 3365 1385 3421 cortamina
1410 3376 1461 3418 aru·

439 3477 541 3525 terunt.
598 3467 758 3525 Sollicitam
789 3486 851 3522 eam
882 3466 1028 3522 civitatem
1048 3467 1162 3524 exsules
1187 3468 1317 3526 maxime
1339 3469 1461 3531 habehfflt

440 3589 562 3644 quorum
586 3591 693 3647 magna
715 3592 783 3648 pars
800 3573 829 3628 in
847 3568 1000 3628 maritimis
1023 3572 1176 3630 Laconica
1197 3593 1256 3630 oroe
1279 3576 1408 3644 castellis,

410 3678 532 3742 7omnis
555 3679 694 3752 adempta
715 3689 787 3748 eret,
809 3679 989 3735 habitabant.
1037 3679 1072 3735 Id
1094 3697 1171 3753 aegre
1193 3681 1338 3754 patientes
1361 3683 1428 3739 Lace

441 3784 537 3852 monii,
557 3794 590 3840 ut
612 3784 711 3857 aliqua
726 3785 848 3841 liberum
872 3784 909 3840 ad
932 3804 1012 3841 mare
1033 3786 1174 3841 haberent
1196 3786 1321 3856 aditum,
1339 3790 1363 3845 si
1381 3808 1413 3862 qu

439 3890 563 3946 Romam
591 3890 686 3946 aliove
708 3909 765 3964 quo
790 3891 935 3947 mitterent
956 3892 1087 3966 legatos,
1119 3891 1261 3964 simulque
1284 3903 1315 3949 ut
1339 3891 1434 3969 em'po'
1495 3888 1503 3911 ²

440 4005 468 4050 et
489 3996 703 4070 receptaculum
726 3997 883 4072 peregrinis
905 3999 1048 4054 mercibus
1064 3997 1100 4053 ad
1122 3999 1303 4055 necessarios
1326 4019 1392 4057 usus
1410 3996 1460 4056 eud

441 4113 525 4159 nocte
554 4103 649 4158 adorti
671 4103 765 4159 vicum
797 4103 971 4160 maritimum
1002 4102 1117 4159 nomine
1147 4104 1210 4159 Lan
1232 4104 1392 4179 improviso

409 4215 590 4282 8pavcrunt.
639 4209 759 4276 Vicani,
788 4210 894 4283 quique
921 4209 960 4265 ibi
983 4209 1096 4266 exsules
1117 4209 1300 4277 habitabant,
1323 4212 1434 4288 primb'

440 4313 541 4386 pineta
561 4333 593 4369 re
615 4315 708 4372 territi
730 4326 811 4383 sunt,
839 4316 943 4371 deinde
973 4317 1026 4372 sub
1048 4315 1141 4373 lucem
1170 4319 1343 4392 congregati
1364 4319 1415 4376 levi

298 4444 344 4480 h.
