3484 5025
472 518 529 575 126
714 514 793 564 Liber
809 512 934 564 XXXIV.
971 513 1020 576 (Δ.
1033 526 1058 560 ιι.
1072 527 1095 565 c.
1109 511 1182 575 tte.)

331 695 356 763 2
513 700 564 771 „si
584 701 612 757 in
634 718 683 756 sua
708 699 829 774 quisque
849 707 978 755 nostrum
1000 706 1091 754 matre
1111 689 1243 767 familiai,
1266 694 1409 769 Quirites,
1433 693 1472 752 ius

429 817 458 865 et
487 807 664 864 maiestatem
691 806 746 862 viri
771 805 893 862 retinere
918 803 1098 874 instituisset,
1125 804 1218 861 minus
1244 820 1311 859 cum
1341 799 1473 858 universis

398 911 540 971 2feminis
571 912 678 987 negotii
705 912 891 980 haberemus;
924 928 999 966 nune
1025 910 1103 967 domi
1132 912 1209 969 victa
1236 911 1358 970 libertus
1385 921 1475 968 nosue

428 1018 597 1093 impotentia
618 1018 749 1075 muliebri
770 1017 816 1073 hic
838 1034 952 1090 quoque
981 1016 1010 1073 in
1038 1015 1103 1073 loro
1131 1019 1271 1076 obtexitur
1296 1026 1326 1075 et
1348 1017 1477 1087 calmtur,

400 1124 458 1181 3et
475 1124 544 1198 quia
561 1124 688 1199 singulus
706 1141 764 1179 non
780 1121 951 1192 domuimus,
973 1122 1120 1179 universae
1135 1124 1297 1181 horremus.
1341 1123 1478 1199 Equidem

430 1227 558 1286 fabulam
585 1240 614 1285 et
641 1232 737 1286 fictam
764 1246 825 1284 rem
852 1228 990 1284 ducebam
1014 1246 1091 1297 esse,
1120 1229 1247 1286 virorum
1278 1248 1366 1288 omue
1394 1247 1477 1306 genus

351 1352 359 1376 ·
429 1335 459 1391 iu
481 1335 578 1409 aliqua
597 1336 692 1393 insula
712 1334 908 1391 coniuratione
929 1333 1059 1390 muliebri
1081 1335 1118 1391 ab
1138 1335 1228 1411 stirpe
1243 1336 1391 1393 sublatum
1409 1353 1478 1405 eese3

399 1442 418 1495 4
431 1443 469 1499 ab
485 1441 562 1498 nullo
580 1460 684 1516 genere
697 1458 755 1496 uon
769 1458 910 1496 summum
923 1438 1080 1514 periculum
1097 1448 1149 1510 est,
1169 1440 1194 1497 si
1211 1451 1301 1500 coetus
1318 1452 1349 1500 et
1365 1441 1498 1528 concilis¹

389 1603 392 1608 .
431 1559 460 1606 et
479 1557 605 1605 secretas
627 1545 848 1603 consultationes
870 1562 932 1601 esse
954 1544 1040 1604 siuas.
1091 1548 1191 1620 Atque
1211 1565 1265 1622 ego
1286 1550 1340 1607 vix
1361 1559 1479 1608 statuere

432 1654 509 1730 apud
530 1653 655 1709 animum
677 1670 771 1708 meum
792 1669 925 1726 possum,
955 1660 1050 1707 utrum
1071 1631 1236 1728 peior'ipsa
1258 1672 1305 1711 res
1328 1673 1368 1711 au
1387 1654 1478 1730 peiore

401 1760 564 1834 bexemplo
586 1767 702 1833 agatur,
732 1775 853 1831 quorum
876 1756 995 1813 alterum
1018 1758 1056 1813 ad
1077 1776 1130 1815 uos
1151 1759 1282 1816 eonsules
1302 1759 1479 1834 reliquosque

433 1865 631 1939 magistratus,
653 1863 773 1920 alterum
796 1863 833 1918 ad
854 1880 922 1930 vos,
952 1864 1091 1937 Quirites,
1113 1864 1205 1939 magis
1226 1865 1361 1940 pertinet.
1410 1866 1480 1924 Nan

433 1982 526 2030 utrum
549 1990 566 2028 e
586 1989 618 2027 re
638 1968 755 2044 publica·
774 1967 810 2023 sit
830 1985 920 2025 necne
941 1969 984 2039 id,
1014 1969 1091 2045 quod
1119 1971 1156 2026 ad
1182 1987 1235 2027 vos
1256 1968 1363 2040 fertur,
1392 1975 1488 2028 vestre*

402 2074 607 2133 bexistimatio
628 2087 686 2147 est,
710 2075 759 2149 qni
780 2074 809 2131 iu
830 2073 998 2150 suffragium
1019 2076 1087 2132 ituri
1108 2075 1192 2144 estis3
1213 2076 1274 2132 baec
1293 2073 1479 2134 consteruadt'

434 2182 589 2252 muliebris,
610 2183 672 2238 sive
692 2201 745 2239 sua
765 2191 867 2257 sponte
888 2182 949 2239 sive
970 2182 1134 2238 auctoribus
1143 2181 1236 2251 vobis,
1257 2181 1299 2240 M.
1311 2180 1481 2240 Fuudeuid

435 2288 471 2345 L.
493 2288 608 2359 Valeri,
644 2287 723 2346 facta
749 2297 807 2357 est,
841 2286 919 2344 haud
949 2285 1034 2342 dubie
1062 2286 1099 2342 ad
1126 2286 1239 2370 eulpam
1266 2287 1480 2362 magistratuum

435 2394 592 2469 pertinens,
628 2394 741 2464 nescio,
774 2392 873 2462 vobis,
908 2391 1027 2461 tribuni,
1070 2410 1106 2448 au
1138 2391 1302 2450 consulibus
1332 2394 1428 2469 magis
1451 2391 1482 2450 ἂ

404 2500 586 2570 ideformis3
605 2500 698 2571 vobis,
719 2500 744 2556 si
760 2498 882 2556 feminas
900 2498 937 2555 ad
953 2498 1137 2556 concitandas
1153 2496 1321 2563 tribunicias
1336 2497 1482 2556 seditionis

437 2606 494 2663 iam
512 2606 683 2675 adduxistis,
704 2606 797 2675 nobis,
817 2605 851 2674 si,
869 2614 901 2661 ut
915 2605 1006 2680 plebis
1023 2605 1177 2679 quondam,
1199 2605 1240 2662 sic
1254 2623 1330 2662 nunc
1342 2605 1490 2663 maliem?

406 2712 598 2769 8secessione
619 2712 697 2786 leges
719 2711 891 2786 accipieudae
911 2720 985 2769 suut.
1041 2710 1181 2784 Equidem
1210 2729 1269 2767 uon
1298 2709 1361 2767 siue
1389 2710 1495 2769 iuberi.

441 2819 566 2893 quodam
594 2817 681 2892 paulo
709 2825 775 2872 aute
803 2834 855 2890 per
884 2816 1006 2873 medium
1033 2834 1137 2891 agmen
1163 2815 1313 2873 mulierum
1344 2816 1375 2873 iu
1399 2815 1484 2875 tons

439 2922 565 2997 perveni.
605 2922 761 2994 Quodnisi
778 2941 824 2979 me
839 2923 1012 2980 verecundia
1029 2921 1204 2997 singularum
1223 2922 1317 2996 magis
1336 2918 1484 2979 maiestati

441 3036 469 3083 et
484 3027 602 3101 pudoris
620 3046 707 3101 quam
725 3028 921 3085 universarum
937 3029 1082 3099 tenuisset,
1100 3046 1136 3084 ne
1152 3027 1331 3102 compellatae
1348 3047 1367 3084 a
1379 3024 1485 3086 consult

410 3127 612 3200 9viderentur,
634 3133 782 3190 dixissem:
805 3133 882 3206 „Qui
895 3135 942 3190 hic
957 3152 1020 3190 mos
1038 3145 1079 3190 est
1097 3135 1127 3190 in
1141 3134 1285 3208 publicum
1308 3128 1485 3209 procuneud

442 3249 471 3296 et
500 3210 649 3296 obsidendi
676 3239 738 3296 vias
771 3250 799 3295 et
826 3239 904 3296 viros
930 3240 1038 3297 alienos
1062 3237 1245 3314 appellandi?
1292 3239 1377 3296 Istud
1401 3239 1483 3315 ipsum

393 3340 429 3393 10
443 3363 511 3401 suos
543 3363 662 3419 qumque
691 3346 770 3402 domi
793 3364 898 3421 rogare
924 3364 981 3402 nou
1007 3343 1160 3420 potuistis?
1206 3346 1256 3401 An
1278 3342 1484 3402 blandior-eain

443 3451 558 3526 publico
602 3471 688 3526 quam
726 3452 756 3509 iu
786 3452 901 3527 privato
939 3462 967 3508 et
1003 3449 1102 3507 alienis
1141 3468 1227 3524 quam
1260 3451 1366 3508 vestris
1405 3444 1484 3507 esdr?
1520 3460 1522 3473 ¹

445 3555 618 3631 Quanquam
638 3577 675 3615 ne
696 3559 774 3615 domi
797 3558 911 3632 quidem
933 3574 1000 3626 vos,
1024 3556 1048 3612 si
1070 3555 1113 3612 sui
1134 3556 1202 3612 iuris
1222 3556 1328 3614 finibus
1349 3566 1484 3615 mamonae

444 3662 601 3719 contineret
626 3664 734 3738 pudor,
771 3683 835 3739 quae
866 3663 944 3737 leges
975 3663 1022 3719 hic
1049 3671 1219 3737 rogarentur
1242 3662 1483 3738 abrogarentum,

396 3755 431 3810 ¹¹
445 3785 547 3825 curare
568 3769 690 3831 decuit.“
745 3770 872 3826 Maiores
893 3769 983 3825 nostri
1003 3768 1125 3840 nullam,
1152 3787 1188 3824 ne
1213 3768 1358 3843 privatam
1383 3766 1483 3845 quidem

446 3893 506 3931 rem
528 3893 614 3949 agere
634 3875 755 3933 feminas
777 3875 837 3931 siue
857 3882 952 3931 tutore
973 3885 1090 3930 auctore
1107 3873 1272 3942 voluerunt3
1293 3874 1324 3931 iu
1339 3884 1483 3930 mauuesse

446 3982 622 4057 parentium,
648 3980 784 4050 fratrum,
812 3981 953 4049 virorum3
983 3999 1050 4050 nos,
1076 3979 1100 4036 si
1122 3978 1176 4036 diis
1197 3978 1305 4053 placet,
1332 3977 1390 4032 iam
1410 3973 1482 4032 etiam

447 4107 507 4144 rem
536 4089 680 4163 publicam
702 4105 850 4161 capessere
872 4105 922 4143 eas
949 4086 1075 4162 patimur
1101 4097 1129 4142 et
1153 4084 1218 4141 foro
1246 4101 1362 4157 quoqne
1381 4091 1409 4138 et
1427 4094 1483 4136 ceu·

400 4186 436 4242 ¹2
451 4194 575 4251 tionibus
593 4205 622 4251 et
637 4194 758 4250 comitiis
773 4193 934 4250 immisceri.
975 4192 1051 4265 Quid
1073 4192 1147 4247 euim
1168 4207 1243 4247 nunc
1265 4188 1343 4245 aliud
1364 4182 1483 4264 perciet

450 4308 478 4354 et
499 4299 625 4373 compita
645 4298 763 4369 faciunt,
784 4317 870 4372 quam
889 4298 1067 4373 rogationem
1085 4297 1264 4353 tribunorum
1279 4295 1357 4369 plebi
1370 4291 1484 4353 suadet&
