3484 5025
543 506 767 557 hibarXXXVll.
797 506 843 571 (A.
854 504 914 557 chr.
929 509 999 568 lau.)
1223 511 1259 567 53

258 704 422 767 eruerunt,
440 692 541 749 classis
574 705 669 751 cetera
701 704 814 751 noctem
849 703 940 751 totam
973 694 1002 750 in
1038 693 1096 750 alto
1129 694 1236 750 iactata
1270 693 1300 750 in

258 800 365 857 undem
387 808 502 875 portum
525 800 658 857 decurrit.
703 800 749 858 Ibi
771 818 808 857 ex
829 800 991 875 agrestibus
1012 798 1144 874 cognito,
1173 798 1333 855 hostiumb

258 923 333 962 laves
355 906 393 962 ad
408 906 571 963 AEthaliam
593 915 680 977 stare,
701 905 850 963 consilium
872 906 1012 976 habitum,
1038 913 1131 961 utrum
1154 904 1299 980 extemplo

258 1009 429 1068 lecernerent
465 1031 502 1070 an
535 1013 681 1071 Rhodiam
715 1020 915 1087 exspectarent
953 1011 1086 1068 classem.
1141 1010 1243 1067 Dilata
1268 1029 1300 1066 re

258 1112 299 1191 ita
323 1102 405 1173 ‘enim
440 1116 576 1195 placuit),
615 1116 773 1193 Corycum,
812 1117 888 1174 uude
923 1125 1078 1188 venerant,
1119 1116 1300 1173 traiecerunt.

258 1220 440 1297 Polyxenidas
468 1240 592 1297 quoque,
620 1242 707 1298 quum
738 1221 846 1280 frustra
876 1222 1014 1292 stetisset,
1042 1222 1189 1296 Ephesum
1207 1221 1334 1278 rediitb

258 1326 321 1385 l'um
343 1329 482 1385 Romanae
503 1346 602 1397 naves,
628 1347 721 1386 vacuo
744 1330 781 1386 ab
807 1329 938 1387 hostibus
960 1328 1043 1398 mari,
1073 1327 1192 1385 Samum
1215 1327 1302 1383 traie-

258 1442 351 1489 reruut.
397 1433 509 1490 Eodem
522 1444 549 1490 et
563 1435 679 1492 Rhodia
689 1435 789 1493 classis
799 1445 867 1511 post
878 1435 939 1491 dies
950 1452 1060 1509 paucos
1072 1434 1159 1493 veuit.
1205 1432 1301 1506 Quam
1316 1439 1331 1491 7

258 1544 281 1595 tt
298 1546 492 1612 exspectatam
516 1556 579 1595 esse
593 1550 755 1613 appareret,
776 1539 899 1616 profecti
911 1540 1056 1615 extemplo
1067 1549 1133 1597 sunt
1144 1540 1301 1614 Ephesum,

258 1651 282 1700 rt
305 1653 354 1700 ant
375 1644 561 1702 decernerent
587 1646 684 1702 navali
706 1648 861 1703 certamine
885 1654 943 1717 aut,
972 1646 997 1702 si
1018 1646 1190 1702 detrectaret
1210 1644 1302 1701 hostis

258 1763 379 1834 pugnam,
402 1750 480 1824 quod
495 1751 649 1825 plurimum
669 1751 806 1810 intererat
820 1754 858 1810 ad
874 1753 986 1810 animos
1000 1752 1168 1821 civitatium,
1190 1750 1301 1806 timoris

258 1853 453 1912 confessionem
476 1857 677 1933 exprimerent.
725 1856 835 1915 Contra
865 1857 964 1915 fauces
987 1866 1088 1933 portus
1110 1858 1250 1914 instructa
1271 1856 1333 1915 ina

258 1954 366 2017 hortem
398 1963 514 2019 navium
558 1964 621 2021 aeia
661 1974 774 2024 stetere.
841 1965 1002 2037 Postquam
1043 1983 1128 2021 nemo
1162 1963 1300 2020 adversus

258 2061 314 2135 ibat,
334 2060 426 2125 classe
448 2071 556 2139 divisa,
585 2088 654 2145 pars
682 2070 711 2126 in
741 2070 804 2126 salo
827 2070 865 2126 ad
885 2070 989 2126 ostium
1012 2077 1114 2145 portus
1135 2070 1164 2125 in
1186 2067 1300 2124 ancoris

258 2171 330 2243 aaut,
353 2193 421 2249 pars
437 2176 465 2231 in
481 2186 587 2233 terram
602 2175 706 2232 milites
721 2177 865 2250 exposuit.
913 2176 949 2231 In
971 2193 1021 2232 eos
1044 2172 1131 2251 [iam]
1155 2174 1331 2248 ingentem9
1366 2153 1370 2160 ’

258 2279 367 2350 predam
396 2281 454 2338 late
487 2282 662 2356 depopulato
694 2300 766 2357 agro
799 2291 917 2356 agentes
951 2281 1136 2337 Andronicus
1167 2278 1301 2346 Macedo,

258 2383 298 2464 qui
315 2385 342 2441 in
368 2387 503 2461 praesidio
534 2387 643 2461 Ephesi
671 2398 748 2457 erat,
777 2386 834 2442 iam
866 2386 1006 2444 moenibus
1035 2385 1301 2461 appropinquantes

258 2481 421 2567 ruptionem
444 2492 527 2564 feeit,
557 2502 717 2568 exutosque
743 2512 850 2568 magna
870 2501 954 2568 parte
975 2493 1079 2568 praedae
1101 2491 1138 2548 ad
1162 2509 1243 2548 mare
1265 2508 1300 2548 ac

258 2609 332 2680 usias
351 2600 472 2674 redegit.
516 2600 640 2656 Postero
665 2598 711 2655 die
737 2598 847 2656 insidiis
873 2599 968 2657 medio
992 2598 1081 2656 ferme
1106 2598 1161 2656 viae
1188 2597 1299 2673 positis,
1318 2605 1352 2658 10

258 2699 289 2756 ad
314 2705 484 2762 eliciundum
512 2715 596 2761 extra
623 2705 729 2761 moenia
756 2705 946 2763 Macedonem
974 2706 1100 2764 Romani
1128 2705 1165 2761 ad
1200 2705 1299 2760 urbem

258 2809 356 2886 demine
388 2811 462 2878 iere;
493 2810 569 2877 iude,
603 2829 691 2884 quum
722 2830 758 2867 ea
789 2811 853 2886 ipsa
886 2812 1021 2888 suspicio,
1048 2831 1083 2869 ne
1112 2810 1175 2886 quis
1200 2810 1301 2876 exiret,

258 2904 437 2983 lltteuuisset,
466 2915 612 2973 redieruut
634 2917 671 2973 ad
693 2935 792 2986 naves,
824 2927 852 2972 et
874 2928 951 2975 terra
973 2918 1102 2992 marique
1124 2915 1299 2992 fugientibus
1318 2921 1346 2974 ll

258 3030 386 3079 luctamen
405 3022 536 3079 hostibus
552 3021 681 3092 Samum,
704 3023 779 3079 uude
800 3032 933 3091 venerat,
951 3022 1051 3079 classis
1073 3022 1185 3097 repetit.
1228 3021 1300 3078 Inde

258 3118 315 3184 lues
335 3128 480 3184 sociorum
503 3147 540 3183 ex
561 3127 657 3198 Italia,
680 3129 751 3184 duas
773 3128 904 3185 Rhodias
926 3129 1055 3184 triremes
1077 3146 1141 3184 cum
1163 3125 1299 3202 praefecto

258 3220 380 3302 Epicrate
402 3234 517 3290 Rhodio
541 3235 579 3290 ud
600 3233 704 3291 fretum
717 3233 911 3308 Cephallenia
934 3234 1069 3291 tuendum
1094 3243 1200 3309 praetor
1214 3233 1299 3289 misit

258 3324 381 3396 ltfestuui
405 3340 435 3395 id
456 3340 607 3396 latrocinio
630 3340 864 3396 Lacedaemonius
887 3340 1042 3415 Hybristas
1065 3359 1130 3396 curu
1152 3339 1300 3395 iuventute
1318 3343 1352 3398 12

258 3430 447 3520 hphallenum
481 3444 620 3516 faciebat,
659 3446 845 3519 clausumque
886 3447 944 3502 iam
979 3464 1057 3502 mare
1090 3444 1298 3502 commeatibus

259 3551 348 3608 ulicis
373 3540 453 3608 erat.¹

322 3659 410 3715 Piraei
433 3659 467 3714 L.
491 3659 613 3716 AEmilio
635 3658 748 3732 Regillo
778 3657 941 3714 succedenti
963 3657 1001 3713 ad
1022 3655 1298 3730 navale‘imperium
1356 3653 1396 3724 14

258 3754 393 3842 ipicrates
415 3765 551 3833 occurrit3
585 3765 633 3838 qui
668 3764 767 3820 audita
799 3764 881 3820 clade
902 3763 1104 3831 Rhodiorum,
1127 3780 1215 3836 quum
1237 3761 1330 3836 ipse2

258 3879 312 3929 uas
335 3879 446 3926 tantum
474 3870 692 3943 quinqueremes
714 3871 847 3938 haberet,
877 3870 1042 3944 Epicratem
1070 3888 1134 3926 cum
1163 3877 1300 3943 quattuor

258 3978 363 4034 avibus
397 3977 427 4032 iu
460 3975 563 4032 Asiam
595 3993 692 4031 secum
724 3975 851 4044 reduxit;
885 3985 1044 4049 prosecutae
1073 3974 1159 4031 etiam
1192 3982 1300 4048 apertae

258 4066 461 4139 Lmeniensium
475 4101 566 4138 naves
581 4090 656 4137 sunt.
699 4083 804 4156 AEgaeo
820 4082 893 4138 mari
909 4080 1021 4138 traiecit
1037 4080 1141 4137 Clima.
1186 4073 1331 4145 Eodem3

258 4179 450 4244 hmasicrates
479 4187 610 4244 Rhodius
643 4205 707 4243 cum
741 4187 852 4243 duabus
886 4186 1115 4262 quadriremibus
1143 4187 1180 4243 ab
1210 4185 1299 4243 Samo
