3484 5025
484 500 524 556 ts
723 496 804 547 ntur
820 496 964 551 xxxvtt.
1001 495 1048 562 (s.
1066 511 1094 551 ιι.
1112 512 1134 551 a.
1154 497 1230 563 ssa)

412 681 568 739 limantur
596 675 700 739 fuerat.
758 680 967 752 Succurrebat,
1003 691 1173 757 superatum
1202 700 1251 753 sa,
1286 700 1368 757 quum
1390 682 1459 742 etus

442 785 564 843 afuisset
585 786 784 856 Rhodiorum
822 787 901 860 quod
927 786 953 843 si
983 805 1019 844 ea
1050 806 1169 862 quoque
1204 787 1269 861 (nee
1302 786 1460 846 commissura

442 892 583 958 Rhodios,
605 902 636 948 ut
656 892 759 949 iterum
783 893 978 963 morarentur)
1006 892 1159 950 certamini
1181 892 1304 964 adesset,
1324 911 1413 968 magno
1426 890 1462 950 ἃ

442 997 560 1054 navium
583 1016 703 1054 numero
725 1015 798 1071 opus
819 996 903 1067 fora,
928 1005 960 1052 nt
983 995 1094 1053 viribus
1116 1007 1146 1054 et
1166 998 1360 1074 magnitudine
1379 998 1463 1057 clun

412 1102 568 1162 3hostium
594 1112 730 1175 aequaret
792 1104 897 1176 Itaque
926 1112 955 1158 et
976 1101 1172 1160 Hannibalem
1202 1104 1234 1160 in
1255 1077 1366 1180 Syriam
1384 1103 1464 1162 mim

443 1209 481 1265 ad
501 1209 672 1266 Phoenicum
695 1207 885 1264 accersendas
907 1225 1013 1276 naves,
1034 1217 1064 1264 at
1084 1208 1314 1284 Polyxenidam,
1334 1227 1386 1284 quo
1403 1208 1463 1265 min

442 1331 581 1389 prospera
601 1332 648 1370 res
670 1324 754 1388 gesta
776 1322 848 1381 erat,
869 1331 905 1369 eo
927 1312 1039 1369 enixius
1061 1324 1090 1370 et
1111 1333 1172 1384 eas,
1195 1333 1259 1388 quar
1279 1324 1370 1386 erant,
1385 1313 1464 1371 reita
1493 1360 1494 1363 ,

411 1417 471 1473 det
501 1418 574 1473 alias
601 1435 708 1491 perure
735 1435 826 1475 naves
854 1417 947 1474 iussit.
1011 1419 1080 1493 Ipse
1111 1418 1142 1474 in
1175 1420 1307 1496 Phrygia
1337 1415 1467 1478 hibsms'

441 1523 570 1596 undique
599 1519 709 1579 auxilia
739 1541 898 1582 accersens.
945 1522 1044 1580 Etiam
1071 1523 1101 1579 in
1123 1522 1349 1600 Gallograeciam
1372 1523 1463 1592 missu
1495 1581 1500 1587 ,

441 1629 637 1686 bellicosiores
670 1647 706 1685 ea
737 1639 909 1703 tempestate
940 1638 1038 1697 erant,
1071 1626 1204 1686 Gallicos
1239 1630 1349 1701 adhuc,
1376 1628 1463 1688 noth

411 1734 557 1793 5axoleta
578 1735 668 1810 stirpe
688 1736 799 1811 gentis,
829 1744 979 1792 servantes
1001 1733 1124 1802 animos.
1175 1735 1285 1792 Filium
1307 1731 1464 1796 Seleuoun'!

439 1837 560 1895 AEolide
574 1840 731 1913 reliquerat
747 1858 811 1895 cum
830 1839 957 1896 exercitu
979 1839 1018 1896 ad
1038 1840 1199 1897 maritimas
1213 1842 1394 1899 continendas
1409 1864 1419 1890 u

442 1962 516 2018 quas
536 1944 615 2001 illinc
636 1964 655 2001 a
676 1947 823 2020 Pergamo
846 1945 1007 2012 Eumenes,
1034 1945 1102 2002 hinc
1128 1964 1148 2002 a
1169 1947 1299 2004 Phocaea
1367 1972 1370 1981 ·
1392 1973 1395 1994 ι

411 2051 567 2108 bRomani
588 2049 794 2107 sollicitabant.
842 2048 954 2107 Classis
975 2051 1119 2120 Romana,
1142 2051 1217 2109 sicut
1237 2061 1307 2109 ante
1327 2052 1418 2109 dictum
1437 2087 1464 2113 η

441 2158 480 2213 ad
502 2155 599 2213 Canas
620 2156 801 2214 hibernabat.
848 2155 894 2211 Eo
920 2155 1017 2213 media
1045 2154 1137 2213 ferme
1163 2157 1259 2214 hieme
1290 2176 1342 2215 rex

441 2279 506 2317 cum
535 2261 648 2318 duobus
676 2260 801 2317 millibus
831 2260 960 2335 peditum
989 2262 1193 2336 equitibusque
1226 2262 1384 2338 quingentis
1428 2300 1439 2306 υ
1500 2299 1503 2334 3

411 2368 472 2423 lIs
494 2386 581 2441 quum
603 2386 738 2442 magnam
755 2366 884 2441 praedam
907 2365 956 2440 agi
978 2384 1065 2440 posse
1087 2366 1209 2423 dixisset
1230 2386 1267 2425 ax
1286 2365 1430 2445 ugtolttu
1455 2418 1456 2421 ,

440 2472 489 2548 qui
504 2472 582 2529 circa
598 2474 769 2550 Thyatiram
790 2481 875 2541 esset,
894 2472 1038 2529 hortando
1058 2472 1182 2547 perpulit
1195 2473 1321 2545 Livium,
1339 2484 1368 2531 ut
1377 2472 1437 2548 qu'
1460 2546 1464 2553 Ι

440 2579 530 2636 millia
552 2580 672 2635 militum
696 2598 793 2635 secum
817 2579 951 2638 mitteret.
1000 2579 1086 2635 Missi
1106 2579 1251 2654 ingentem
1276 2580 1396 2655 praedam

344 2674 364 2744 9
440 2703 549 2758 paucos
584 2685 645 2740 dies
680 2695 856 2741 averterunt.
920 2685 1001 2740 Inter
1032 2685 1093 2740 haec
1126 2686 1262 2742 Phocaeae
1297 2685 1392 2742 seditio
1418 2688 1464 2745 offlt
1501 2752 1503 2758 ,

439 2792 611 2863 quibusdam
646 2792 683 2847 ad
716 2791 895 2847 Antiochum
934 2789 1123 2846 multitudinis
1162 2790 1276 2847 animos
1309 2798 1439 2847 avocant

408 2894 554 2952 2Gravia
581 2896 702 2953 hiberna
730 2895 848 2950 navium
879 2902 977 2964 erant,
1010 2913 1101 2969 grave
1130 2895 1289 2967 tributum,
1323 2895 1395 2970 quod

407 3000 601 3074 dquingentte
622 3001 771 3074 imperatae
791 3007 875 3056 eraut
896 3019 961 3057 cum
984 2999 1148 3074 quingentis
1161 3000 1283 3070 tunicis;
1302 3000 1395 3075 gravis
1414 3021 1431 3046 2¹
1465 3035 1466 3040 κ

436 3105 536 3180 inopia
566 3104 716 3174 frumenti,
748 3113 868 3178 propter
897 3123 983 3179 quarn
1015 3123 1105 3161 naves
1138 3123 1256 3180 quoque
1286 3115 1316 3163 et
1341 3102 1435 3181 psat·
1464 3150 1465 3156 κ

436 3211 600 3267 Romanum
620 3210 753 3268 excessit.
795 3211 874 3266 Tum
896 3227 966 3266 vero
989 3209 1113 3266 liberata
1134 3219 1213 3267 metu
1235 3209 1326 3271 factio
1347 3220 1410 3282 erat,
1431 3236 1439 3248 ν
1464 3231 1467 3268 ι

405 3314 549 3389 dplebem
577 3315 605 3371 in
635 3315 818 3371 contionibus
846 3315 885 3371 ad
912 3314 1089 3372 Antiochum
1124 3317 1269 3373 trahebat.
1322 3318 1430 3378 Senatus

437 3421 591 3494 optimates
602 3422 632 3477 in
645 3421 779 3477 Romana
793 3420 931 3476 societate
943 3421 1130 3495 perstandum
1149 3424 1321 3495 censebant;
1337 3418 1439 3480 deiecti

406 3530 570 3584 sanctores
587 3526 652 3601 plus
669 3526 747 3600 apud
764 3525 975 3582 multitudinem
992 3526 1155 3585 valuerunt.
1202 3528 1322 3600 Rhodii,
1338 3547 1391 3604 quo
1403 3516 1464 3597 παῤ

436 3641 579 3688 cessatum
611 3631 708 3706 priore
735 3641 836 3688 aestate
860 3641 938 3701 erat,
971 3652 1006 3689 eo
1039 3631 1180 3689 maturius
1213 3634 1382 3708 aequinoctio
1405 3638 1463 3688 m

436 3736 557 3791 eundern
586 3737 800 3794 Pausistratum
829 3737 931 3795 classis
958 3737 1125 3814 praefectum
1153 3756 1219 3795 cum
1245 3757 1300 3796 sex
1330 3747 1358 3797 et
1381 3733 1463 3809 σίζ’*

405 3840 558 3898 iinavibus
580 3840 727 3903 miserunt.
776 3844 840 3899 lam
862 3844 964 3900 Livius
987 3863 1005 3900 a
1026 3842 1115 3900 Canis
1144 3862 1210 3901 cum
1238 3845 1356 3920 triginta
1376 3836 1461 3898 navt·

435 3955 463 4001 et
485 3955 594 4019 septem
618 3946 858 4019 quadriremibus,
881 3968 954 4023 quas
976 3967 1073 4005 secum
1091 3948 1238 4006 Eumenes
1259 3968 1313 4007 rex
1331 3940 1459 4004 addus*

434 4050 654 4125 Hellespontum
679 4054 813 4126 petebat,
844 4062 876 4109 ut
899 4054 936 4110 ad
958 4053 1109 4110 transitum
1132 4053 1290 4125 exercitus,
1317 4071 1394 4129 quem
1409 4054 1457 4104 tw

404 4159 584 4212 luenturum
603 4156 787 4230 opinabatur,
808 4167 996 4235 praepararet,
1018 4177 1082 4232 quae
1095 4177 1171 4237 opuq
1184 4167 1288 4217 essent.
1323 4159 1357 4214 In
1368 4159 1454 4231 pom
1490 4227 1492 4232 Ι

434 4277 520 4333 quem
541 4271 649 4318 vocant
668 4264 854 4335 Achaeorum,
877 4264 998 4322 classem
1019 4264 1145 4339 primum
1167 4261 1384 4334 advertit;·inde
1397 4252 1452 4314 ltu
1497 4322 1503 4335 ,
