3484 5025
380 520 385 527 ·
478 587 480 590 ¹
584 527 780 579 mmrxxxr.
817 528 1018 595 (acuam.)
1253 535 1288 591 13

268 724 357 780 quum
373 707 519 783 AEginam
533 709 688 781 venissent,
708 729 763 769 rex
777 713 904 770 Piraeum
925 714 1101 770 renovanda
1116 715 1335 772 confirmanda-

268 829 325 884 que
339 830 408 869 oum
423 814 650 873 Atheniensibus
672 815 818 873 societatis
840 835 930 875 causa
947 818 1070 875 traiecit.
1114 817 1225 875 Civitas
1241 820 1334 877 omnis
1352 820 1386 876 12

269 916 388 974 obviam
412 916 507 975 effirsa
528 938 593 977 oum
616 919 784 995 coniugibus
806 939 841 978 ac
863 920 978 990 liberia3
1008 922 1174 979 sacerdotes
1203 942 1263 979 oum
1289 925 1335 981 in-

269 1020 400 1095 sigmbus
429 1022 490 1080 suis
512 1025 666 1081 intrantem
689 1026 789 1082 urbem
813 1043 848 1082 ac
869 1026 899 1082 di
920 1046 1012 1101 prope
1033 1027 1090 1102 ipsi
1111 1028 1197 1084 exciti
1219 1029 1334 1086 sedibus

270 1126 328 1182 suis
350 1138 537 1203 acceperunt.
584 1106 803 1187 In‘contionem
829 1132 976 1205 extemplo
1000 1132 1125 1206 populus
1146 1141 1277 1204 vocatus,
1303 1146 1336 1190 ut
1388 1126 1429 1193 15
1468 1112 1472 1120 ἱ

270 1248 330 1301 rex,
353 1249 420 1304 qnae
432 1232 530 1304 vellet,
545 1250 643 1290 coram
656 1242 772 1308 ageret;
794 1235 900 1292 deinde
916 1254 952 1292 ex
967 1235 1108 1310 dignitate
1122 1238 1214 1311 magis
1229 1239 1334 1311 visum,

271 1334 397 1392 scribere
419 1355 495 1407 eum,
519 1338 557 1393 de
578 1338 682 1411 quibus
703 1338 866 1410 videretur,
891 1358 981 1414 quam
1013 1349 1184 1415 praesentem
1211 1351 1262 1400 aut
1288 1347 1365 1401 rra-2

270 1438 396 1496 ferendis
425 1441 486 1498 suis
515 1440 546 1497 in
577 1416 722 1499 civitatem
751 1444 898 1500 beneficiis
927 1445 1095 1501 erubescere
1119 1453 1171 1501 aut
1191 1446 1334 1522 significa-

270 1543 397 1601 tionibus
417 1544 733 1620 acclamationibusque
754 1547 946 1604 multitudinis
970 1548 1165 1606 assentatione
1180 1550 1336 1610 immodica
1358 1563 1361 1567 '

270 1649 413 1722 pudorem
435 1650 593 1708 onerantis.
642 1652 678 1708 In
699 1650 801 1708 litteris
824 1659 930 1721 autem,
965 1669 1029 1725 quaa
1052 1653 1146 1710 missae
1170 1655 1200 1711 in
1224 1658 1365 1715 contio-3

270 1758 333 1809 nem
355 1753 544 1828 recitataque
564 1763 640 1825 sunt,
659 1756 896 1812 commemoratio
912 1764 975 1811 erat
989 1757 1194 1813 beneficiorum
1209 1760 1334 1833 primum

260 1857 298 1930 ,in
318 1859 470 1916 civitatem
492 1876 626 1929 suorum,
648 1859 751 1916 deinde
771 1878 884 1929 rerum,
909 1877 981 1933 quas
1003 1860 1143 1918 adversus
1164 1863 1332 1939 Philippum

271 1963 424 2037 gessisset,
452 1965 490 2021 ad
511 1971 687 2038 postremum
710 1963 875 2019 adhortatio
898 1965 1066 2038 capessendi
1089 1966 1171 2035 belli,
1202 1967 1269 2022 dum
1293 1973 1366 2039 se,4

271 2068 337 2125 dnm
364 2069 509 2138 Rhodios,
541 2077 601 2125 tum
635 2068 750 2142 quidem
784 2068 852 2124 dum
885 2068 970 2124 etiam
1000 2071 1151 2126 Romanos
1178 2071 1333 2142 haberent3

272 2173 464 2248 nequicquam
477 2181 590 2248 postea,
607 2172 632 2229 si
646 2182 707 2229 tum
719 2178 890 2240 cessassent,
911 2172 1136 2245 praetermissam
1152 2176 1333 2233 occasionem

273 2278 453 2350 quaesituros.
505 2278 612 2335 Rhodii
639 2276 742 2335 deinde
763 2275 852 2350 legati
875 2275 966 2332 auditi
988 2285 1063 2345 sunt,
1089 2294 1212 2350 quorum
1233 2285 1365 2338 recensi

274 2390 331 2437 erat
357 2382 549 2449 beneficium,
581 2382 659 2456 quod
679 2397 770 2436 nevos
799 2379 903 2454 longas
936 2386 1074 2453 quattuor
1103 2382 1333 2455 Atheniensium,

273 2494 369 2561 captas
385 2504 481 2561 nuper
492 2485 530 2542 ab
541 2484 750 2542 Macedonibus
771 2492 1025 2560 recuperatasque,
1046 2484 1226 2549 remiserant.
1272 2490 1333 2547 Ita·

272 2610 324 2664 que
354 2592 468 2666 ingenti
500 2608 641 2647 consensu
674 2588 781 2645 bellum
811 2589 952 2646 adversus
983 2590 1151 2665 Philippum
1174 2592 1331 2654 decretum.

270 2696 405 2753 Honores
438 2696 501 2770 regi
532 2695 658 2770 primum
687 2693 790 2751 Attalo
821 2693 984 2762 immodici,
1018 2694 1120 2750 deinde
1151 2705 1180 2752 et
1211 2699 1364 2755 Rhodiisb

270 2800 366 2858 habiti.
422 2803 501 2858 Tum
522 2800 647 2874 primum
669 2798 776 2855 mentio
797 2797 880 2853 illata
901 2798 939 2854 de
960 2799 1052 2868 tribu,
1089 2817 1177 2873 quam
1199 2802 1333 2858 Attalida

271 2906 464 2981 appellarent,
495 2904 533 2960 ad
554 2905 654 2961 decem
675 2910 787 2959 veteres
809 2902 901 2958 tribus
923 2903 1073 2971 addenda,
1102 2914 1130 2960 et
1150 2906 1362 2962 Rhodioruml

269 3011 391 3084 populus
413 3028 524 3067 corona
545 3026 635 3065 aurea
656 3007 770 3063 virtutis
786 3025 855 3081 ergo
871 3006 1006 3078 donatus,
1028 3009 1187 3082 civitasque
1209 3010 1331 3066 Rhodiis

270 3113 349 3186 data,
389 3112 636 3189 quemadmodum
667 3111 775 3169 Rhodii
809 3110 890 3185 prius
924 3112 1151 3169 Atheniensibus
1184 3113 1331 3170 dederant.

271 3216 433 3276 Secundum
459 3220 522 3275 haee
549 3236 603 3274 rex
626 3217 745 3274 Attalus
766 3215 909 3290 AEginam
938 3215 976 3271 ud
1003 3215 1125 3284 classem
1153 3234 1185 3273 se
1214 3217 1363 3291 recepit,8

269 3324 375 3382 Rhodii
396 3322 482 3382 Ciam
504 3324 542 3380 ab
563 3321 684 3397 AEgina,
706 3320 772 3376 inde
793 3340 846 3396 per
867 3319 977 3376 insulas
992 3320 1130 3377 Rhodum
1146 3321 1330 3395 navigarunt,

270 3430 414 3500 omnibus,
436 3437 541 3503 praeter
562 3427 697 3484 Andrum
717 3427 886 3499 Parumque
910 3434 938 3480 et
961 3423 1123 3500 Cythnum,
1146 3444 1210 3498 quae
1230 3426 1331 3498 praesi-

271 3533 320 3590 diis
339 3533 539 3590 Macedonum
564 3532 749 3599 tenebantur,
779 3528 998 3585 insacietatem
1022 3530 1155 3603 acceptis.
1196 3528 1361 3585 Attalumll

271 3638 383 3713 AEginae
403 3637 486 3695 missi
505 3638 536 3693 in
557 3635 701 3694 AEtoliam
723 3632 815 3690 nuntii
838 3632 1058 3707 exspectatique
1078 3634 1145 3689 inde
1165 3632 1255 3708 legati
1278 3633 1330 3689 ali·

273 3743 405 3814 quamdiu
426 3742 499 3799 nrhss
519 3749 652 3815 agentem
675 3747 803 3797 tenuere.
860 3737 918 3796 Sed
951 3754 1045 3810 neque
1073 3737 1139 3794 illos
1168 3738 1263 3794 excire
1293 3738 1330 3794 ad
1346 3736 1381 3791 10

274 3863 347 3905 arma
376 3845 488 3922 potuit,
517 3846 688 3921 „gaudentes
719 3851 865 3915 utcunque
900 3841 1063 3916 composita
1096 3860 1160 3898 oum
1193 3840 1330 3916 Philippo

274 3969 351 4023 pace,
387 3961 417 4009 et
445 3952 510 4027 ipse
549 3948 734 4021 Rhodiique,
772 3965 877 4020 quum,
919 3944 944 4000 si
979 3944 1149 4002 institissent
1183 3944 1329 4018 Philippo,

276 4058 411 4133 egregium
443 4055 575 4112 liberatae
605 4072 658 4129 per
685 4070 717 4109 aa
738 4050 860 4110 Graeciae
889 4048 1002 4105 titulum
1031 4050 1139 4106 habere
1160 4047 1329 4123 potuissent,

275 4159 398 4229 patiendo
421 4175 523 4216 rursus
545 4158 661 4216 eumin
680 4155 901 4230 Hellespontum
926 4153 1059 4210 traiicere
1082 4159 1329 4226 occupantemque
1344 4151 1377 4207 ll
