3484 5025
472 510 509 565 76
736 505 815 555 neser
831 504 947 557 xxxn.
984 503 1069 565 (nu.
1083 518 1105 551 ο.
1120 505 1191 565 ser.)

428 690 503 746 enim
527 690 645 759 sciebat,
668 700 764 745 utrum
787 705 938 744 successor
965 688 1019 744 sibi
1050 688 1123 744 alter
1144 707 1181 744 ex
1210 689 1296 745 novis
1328 690 1483 747 consulibus
1524 699 1526 712 '

429 795 597 862 mitteretur,
620 814 666 861 an,
689 794 766 867 quod
789 812 903 850 summa
924 794 954 850 vi
976 794 1187 863 attenderent,
1209 794 1310 851 amicis
1326 805 1356 851 et
1376 796 1484 871 propin·

395 902 492 975 8quis
513 902 720 968 maudaverat,
750 899 903 973 imperium
933 908 1153 975 prorogaretur3
1180 909 1280 975 aptum
1311 910 1409 958 autem
1429 901 1483 959 fora

428 1005 603 1079 colloquium
626 1006 772 1073 credebat,
797 1014 829 1061 ut
849 1005 905 1062 sibi
927 1004 1049 1062 liberum
1073 1012 1149 1060 esset
1170 1004 1218 1060 vel
1239 1005 1277 1061 ad
1301 1005 1409 1064 bellum
1431 1023 1483 1063 ma-

396 1110 506 1169 {luenti
528 1110 575 1166 vel
597 1110 633 1166 ud
658 1128 759 1185 pacem
782 1110 931 1167 decedenti
952 1130 1013 1167 rem
1035 1110 1183 1169 inclinare.
1226 1111 1262 1167 In
1285 1110 1351 1167 sinu
1366 1110 1483 1168 Maliaco

428 1234 519 1289 prope
546 1215 677 1272 Nicaeam
709 1216 775 1273 litus
805 1216 926 1290 elegere.
981 1216 1027 1272 Eo
1059 1234 1112 1272 rex
1141 1218 1178 1273 ab
1207 1215 1398 1273 Demetriade
1428 1234 1482 1282 cn·

377 1328 414 1381 10
428 1320 556 1394 quinque
585 1320 687 1377 lembis
716 1330 745 1377 et
774 1339 832 1377 uua
860 1338 936 1377 nave
965 1328 1094 1377 rostrata
1121 1322 1209 1378 venit.
1255 1321 1351 1378 Erant
1371 1338 1436 1377 cum
1455 1337 1482 1377 ao
1512 1381 1515 1386 ,

428 1425 572 1500 principes
595 1427 788 1483 Macedonum
812 1434 840 1482 et
862 1426 1037 1482 Achaeorum
1060 1427 1152 1497 exsul,
1174 1427 1220 1483 vir
1240 1425 1376 1499 insignis,
1399 1424 1482 1512 §ych-

377 1539 409 1592 ll
428 1532 509 1587 adas.
545 1529 619 1587 Cum
641 1532 817 1605 imperatore
838 1532 973 1588 Romanu
995 1549 1048 1586 rex
1070 1530 1262 1606 Amynander
1284 1539 1348 1587 erat
1370 1539 1399 1587 et
1419 1530 1481 1587 Dia·

427 1637 599 1711 nysodorns‚
626 1635 721 1694 Attali
742 1636 864 1710 legatus,
887 1645 916 1691 et
937 1637 1170 1712 Agesimbrotus,
1192 1634 1346 1710 praefectus
1372 1635 1482 1693 Rhodio

426 1740 536 1809 classis,
560 1749 589 1797 et
610 1741 762 1810 Phaeneas,
787 1741 920 1816 princeps
940 1742 1119 1810 AEtolorum,
1144 1751 1173 1797 et
1194 1740 1296 1799 Achaei
1320 1741 1395 1810 duo,
1423 1740 1481 1799 Art
1520 1757 1526 1824 ,ξ

378 1852 412 1907 12
426 1854 531 1902 staenus
553 1855 582 1901 et
602 1846 779 1920 Xenophon.
826 1847 908 1901 luter
928 1846 982 1901 hos
1004 1847 1154 1902 Romanus
1178 1846 1218 1901 ad
1241 1856 1405 1903 extremum
1424 1846 1481 1903 litus
1520 1829 1526 1884 ³·-

425 1968 605 2024 progressus‚
628 1970 715 2026 quum
738 1970 791 2007 rex
812 1951 841 2005 in
863 1969 981 2024 proram
1004 1950 1088 2007 navis
1109 1951 1139 2007 in
1163 1952 1277 2008 ancoris
1299 1952 1403 2009 stantis
1423 1969 1481 2026 pro·

374 2056 575 2125 13cessisset,
607 2054 834 2124 „Commodius“
861 2056 965 2129 iuquit,
1000 2057 1043 2124 „si
1072 2056 1102 2112 in
1123 2066 1230 2113 terram
1251 2056 1425 2131 egrediaris,
1450 2073 1481 2112 ex
1521 2055 1526 2076 '¹

425 2161 589 2235 propinquo
620 2161 750 2216 dicamus
772 2161 801 2216 in
823 2161 916 2217 vicem
940 2162 1179 2236 audiamusque.“
1230 2161 1328 2233 Quum
1355 2180 1409 2219 rex
1427 2160 1480 2218 fao

425 2275 521 2322 turum
543 2283 574 2322 se
589 2266 618 2322 id
634 2276 762 2341 negaret,
787 2267 900 2337 „Quem
916 2268 1052 2323 tandem“
1076 2266 1170 2339 inquit
1185 2266 1337 2337 Quinctius
1355 2264 1479 2336 „timasil

377 2381 409 2433 14
425 2372 475 2427 Ad
496 2372 553 2427 hoc
573 2372 622 2427 ille
637 2374 763 2445 superbo
783 2380 810 2428 et
825 2370 908 2443 regio
924 2371 1035 2427 animo:
1060 2371 1230 2440 „Neminem
1252 2371 1387 2445 equidem
1403 2372 1480 2429 timeo

425 2486 530 2551 praeter
554 2477 624 2533 deos
649 2477 841 2546 immortalem
862 2494 921 2532 non
943 2476 1070 2533 omnium
1094 2484 1190 2532 autem
1213 2476 1300 2533 credo
1316 2478 1393 2548 fidei,
1417 2493 1480 2552 quot

377 2585 412 2640 15
425 2582 503 2640 circa
524 2590 553 2637 te
568 2581 663 2652 video,
684 2593 772 2656 atque
787 2581 914 2638 omnium
933 2582 1050 2637 minime
1064 2583 1201 2639 AEtolis.“
1239 2583 1338 2651 „istuc
1354 2584 1479 2658 quidun‘

426 2689 467 2744 ait
485 2689 635 2744 Romanus
661 2706 734 2761 „par
758 2687 893 2743 omnibus
915 2686 1072 2761 periculum
1096 2696 1148 2754 est,
1179 2687 1228 2760 qui
1260 2706 1326 2744 cum
1348 2689 1429 2745 hoste
1449 2686 1488 2744 ad

376 2797 411 2850 16
426 2793 601 2867 colloquium
632 2792 871 2865 congrediuntur,
901 2793 926 2848 si
958 2793 1038 2848 nulla
1058 2793 1130 2849 fides
1152 2793 1215 2849 sit.“
1263 2795 1352 2861 „Non
1374 2797 1483 2851 tamen“

423 2897 531 2971 inquit,
577 2899 631 2965 „T.
661 2897 792 2967 Quincti,
824 2916 879 2970 par
907 2898 1035 2972 perfidiae
1068 2898 1216 2971 praemium
1251 2908 1310 2967 est,
1339 2899 1364 2955 si
1388 2898 1488 2956 fraudu
1520 2918 1526 2977 ,ζ

425 3013 544 3078 agatur,
577 3002 730 3077 Philippus
758 3013 787 3058 et
808 3004 965 3071 Phaeneam
992 3021 1086 3077 neque
1113 3003 1187 3058 enim
1221 3022 1304 3077 aeque
1336 3003 1487 3060 difficulter
1520 3000 1526 3053 l

423 3108 518 3166 AEtoli
545 3117 698 3183 praetorem
728 3108 815 3163 alium
844 3126 879 3163 ac
901 3108 1077 3163 Macedones
1099 3127 1196 3182 regem
1224 3109 1253 3164 in
1275 3129 1372 3166 meum
1394 3110 1484 3166 locum

281 3274 283 3276 ,
327 3209 375 3276 33
425 3214 629 3270 substituant.“
681 3213 844 3270 Secundum
867 3214 929 3268 hacc
951 3212 1093 3269 silentium
1124 3213 1192 3282 fuit,
1226 3232 1315 3287 quum
1338 3217 1482 3272 Romanus

426 3336 489 3374 eum
513 3335 627 3390 aequum
650 3327 779 3374 censeret
800 3317 926 3392 priorem
951 3317 1053 3384 dicere,
1084 3320 1132 3391 qui
1155 3320 1275 3394 petisset
1303 3319 1478 3394 colloquium,

424 3442 477 3479 rex
499 3423 561 3479 eius
585 3440 648 3478 esse
676 3422 801 3497 priorem
825 3423 1002 3493 orationem,
1032 3425 1082 3498 qui
1106 3425 1189 3481 daret
1216 3425 1297 3499 pacis
1319 3425 1407 3500 leges,
1428 3437 1476 3480 nou

394 3527 476 3601 2qui
498 3527 655 3601 acciperet-3
676 3536 735 3583 tum
760 3531 924 3586 Romanus:
947 3528 1105 3602 simplicem
1121 3547 1203 3585 suam
1226 3530 1388 3586 orationem
1410 3541 1472 3591 estet

424 3651 459 3688 ea
480 3632 556 3687 enim
578 3649 610 3687 se
632 3632 789 3701 dicturum,
823 3651 887 3705 quae
913 3634 943 3689 ni
965 3635 1049 3704 fiant,
1078 3635 1157 3690 nulla
1178 3636 1216 3691 sit
1237 3636 1317 3710 pacis
1347 3633 1470 3693 condicio·

392 3737 601 3794 3Deducenda
623 3756 660 3793 ex
683 3737 816 3793 omnibus
839 3735 961 3794 Graecia
983 3738 1148 3796 civitatibus
1167 3741 1229 3815 regi
1250 3742 1388 3815 praesidia
1408 3752 1467 3802 estet
1495 3814 1498 3819 Ι

422 3841 554 3915 capt-ivos
577 3850 605 3898 et
626 3841 794 3917 transfugas
815 3842 901 3898 sociis
923 3843 1023 3916 populi
1047 3845 1173 3901 Romani
1199 3845 1376 3916 reddendos3
1402 3841 1466 3902 resti*

422 3946 530 4001 tuenda
553 3947 694 4003 Romanis
723 3967 758 4003 ea
780 3947 889 4022 Illyrici
910 3947 990 4017 loca,
1020 3967 1084 4022 quae
1113 3960 1179 4025 post
1208 3969 1310 4025 pacem
1342 3952 1372 4008 iu
1393 3949 1464 4025 Epiro

388 4049 530 4108 stactam
559 4062 743 4126 occupasset-3
769 4053 929 4109 Ptolemaeo
955 4053 1080 4129 AEgypti
1110 4057 1172 4130 regi
1199 4057 1362 4113 reddendas
1389 4057 1465 4116 urba

421 4160 494 4229 quas
516 4164 583 4230 post
605 4155 803 4231 Philopatoris
824 4157 974 4214 Ptolemaei
997 4168 1117 4216 mortem
1150 4161 1361 4235 occupavisset.
1407 4161 1464 4220 Suet

420 4260 579 4334 populique
600 4263 726 4318 Romani
756 4262 939 4320 condiciones
968 4265 1022 4320 has
1051 4283 1128 4332 esse;
1161 4277 1287 4322 ceterum
1316 4279 1345 4324 et
1374 4266 1463 4324 socium
