3484 5025
435 509 474 565 78
683 504 760 554 Liber
775 502 916 557 XXXVII.
957 502 1004 568 (Α.
1017 518 1042 557 u.
1057 519 1081 558 c.
1091 506 1163 568 oet.)

393 692 455 749 acie
487 710 522 748 ne
549 709 586 747 ex
616 690 711 748 modio
741 689 856 764 quidem
886 707 996 748 cornua
1028 707 1083 747 suo
1110 690 1269 766 conspicere
1294 699 1397 766 poteraut,
1438 679 1449 733 ’ῑ

322 861 325 870 ¹
393 798 496 855 nedum
535 798 656 855 extremi
694 797 768 853 inter
804 814 836 852 se
870 795 1118 871 conspicerentur,
1157 807 1186 854 et
1219 797 1314 854 humor
1344 815 1399 854 arur
1441 784 1450 839 ἶ

363 902 554 978 bfuudasque
575 911 604 960 et
629 902 786 959 iaculorum
810 911 926 959 amenta
949 901 1120 961 emollierat.
1176 902 1299 960 Falcata
1322 921 1403 978 qnoque

349 1080 356 1094 θ
394 1010 555 1084 quadriga,
582 1008 686 1082 quibus
710 1027 741 1065 se
764 1009 997 1083 perturbaturum
1021 1007 1149 1064 hostium
1171 1008 1262 1066 eciem
1283 1008 1406 1067 Antiocb

363 1114 380 1168 6
392 1115 561 1185 crediderat,
582 1113 611 1171 in
630 1132 699 1171 suos
717 1124 855 1171 terrorem
874 1122 1028 1171 verterunt.
1069 1114 1204 1172 Armatae
1217 1123 1309 1172 autern
1323 1116 1407 1174 iultnt

393 1221 519 1278 maxime
536 1221 651 1278 modum
669 1229 761 1277 oront.
809 1218 950 1295 Cuspides
963 1220 1040 1277 circa
1054 1230 1200 1278 temonem
1217 1222 1254 1278 ab
1267 1221 1409 1297 ingodeun

391 1327 488 1383 cubita
500 1335 645 1383 exstantes
660 1326 739 1382 velut
753 1343 864 1382 cornua
877 1326 1031 1395 habebant,
1052 1326 1167 1399 quibus,
1183 1327 1315 1402 quicquid
1326 1328 1410 1386 obvia

363 1431 517 1501 ideretur,
539 1433 747 1516 transfigerent,
769 1441 797 1488 et
818 1432 848 1488 in
864 1432 1001 1490 extremis
1016 1432 1091 1507 iugis
1107 1432 1182 1489 binae
1198 1431 1276 1491 circa
1287 1434 1411 1492 eminebfl

391 1535 496 1607 falces,
524 1536 617 1594 altera
638 1548 753 1612 aequata
774 1538 857 1613 ingo,
888 1537 980 1595 altera
1000 1536 1122 1596 inferior
1146 1541 1178 1597 in
1199 1550 1305 1598 terram
1324 1540 1409 1608 dem,

391 1643 442 1699 illa
472 1651 517 1712 ut,
545 1644 681 1718 quicquid
716 1645 753 1700 ab
776 1643 867 1700 latere
900 1644 1087 1712 obiiceretnr,
1117 1645 1294 1715 abscideret,
1322 1646 1412 1703 horu

392 1747 545 1823 prolapsos
566 1751 778 1823 subeuntesque
799 1750 990 1823 contingeret;
1020 1749 1087 1807 item
1119 1752 1158 1807 ab
1188 1752 1293 1808 axibus
1317 1762 1413 1808 rotun!

362 1832 524 1928 8utrinqtre
546 1855 620 1912 bime
640 1856 741 1913 eodem
765 1855 851 1911 modo
881 1855 1002 1911 diversa
1023 1856 1228 1931 deligabantur
1247 1857 1341 1915 falces.
1381 1855 1414 1916 ἃ

391 1970 519 2017 armatas
541 1961 710 2035 quadrigas,
740 1960 824 2035 quia,
858 1960 883 2018 si
904 1961 934 2017 iu
955 1970 1084 2018 extremo
1107 1964 1210 2021 autin
1231 1964 1324 2021 medio
1341 1963 1415 2020 locutu

391 2064 496 2136 forent,
517 2086 570 2143 per
590 2085 659 2125 suos
679 2067 799 2141 agenda
822 2076 919 2136 erant,
939 2067 970 2123 in
990 2067 1084 2142 prime
1106 2069 1178 2139 acie,
1201 2078 1234 2127 ut
1254 2080 1320 2128 ante
1337 2069 1414 2126 dion

361 2176 451 2243 dest,
477 2173 626 2231 locaverat
645 2193 707 2232 rex.
765 2172 850 2245 Quod
874 2173 922 2229 ubi
943 2173 1088 2230 Eumenes
1111 2174 1202 2247 vidit,
1225 2176 1305 2233 haud
1327 2177 1414 2252 ignor!

391 2298 509 2355 pugnae,
539 2292 567 2337 et
589 2298 675 2354 qnam
698 2297 804 2354 anceps
826 2290 901 2335 esset
922 2278 1021 2335 auxilii
1041 2296 1147 2353 genus,
1177 2280 1202 2336 si
1225 2282 1290 2356 quis
1308 2295 1414 2358 paron!

391 2384 483 2458 magis
505 2384 585 2458 equis
606 2384 734 2442 iniiceret
758 2403 844 2458 quam
866 2384 943 2440 iusta
964 2384 1126 2442 adoriretur
1151 2405 1266 2461 pugna,
1296 2386 1415 2446 Cretam

390 2490 556 2566 sagittarios
572 2489 788 2566 funditoresque
804 2502 832 2547 et
847 2490 1020 2548 iaculatores
1037 2492 1207 2565 †equitum,
1223 2513 1282 2551 nort
1296 2492 1416 2559 confortet

390 2597 456 2664 sed,
487 2615 573 2671 qnam
595 2599 721 2654 maxime
742 2607 874 2673 possent,
902 2597 1047 2671 dispersos
1077 2617 1232 2656 excurrere
1252 2601 1330 2658 iubet
1352 2609 1376 2656 et
1393 2614 1417 2655 et

343 2713 376 2765 ttt
391 2703 522 2759 omnibus
548 2703 633 2760 simul
660 2705 789 2778 partibus
820 2703 877 2760 tela
906 2704 1044 2778 ingerere.
1102 2705 1177 2761 Haec
1211 2705 1291 2762 velut
1322 2701 1417 2781 procula

390 2809 495 2883 partim
536 2809 700 2866 vulneribus
735 2810 882 2866 missilium
925 2810 1051 2884 undique
1089 2811 1303 2881 coniectorum,
1340 2808 1417 2887 parth

389 2914 563 2972 elamoribus
589 2916 712 2972 dissonis
740 2917 781 2972 ita
805 2917 999 2974 consternavit
1029 2934 1136 2989 equos,
1165 2927 1199 2973 ut
1224 2928 1341 2994 repento
1363 2915 1418 2973 rel}

342 3033 373 3084 ιι
389 3018 519 3077 effrenati
550 3023 656 3095 passim
684 3023 793 3080 incerto
820 3041 906 3080 cursu
930 3021 1086 3090 ferrentur3
1117 3042 1243 3096 quorum
1271 3025 1420 3101 imperatu

388 3125 459 3183 levis
474 3137 622 3184 armatura
639 3139 667 3186 at
684 3129 809 3204 expediti
830 3129 989 3187 funditores
1006 3138 1034 3185 et
1043 3129 1130 3185 velox
1140 3128 1289 3188 Cretensis
1304 3135 1419 3188 mom

389 3232 583 3305 declinabant3
615 3245 643 3291 et
663 3254 751 3310 eques
771 3236 947 3310 insequendo
969 3236 1120 3293 tumultum
1146 3255 1182 3292 ac
1204 3255 1342 3312 pavorem
1362 3232 1420 3310 eqt'l

389 3340 579 3415 cummisque,
608 3352 637 3398 et
663 3342 733 3417 ipsis
758 3341 842 3398 simul
865 3344 1069 3413 consternatis,
1097 3343 1240 3418 augebat,
1269 3344 1421 3402 clamored

341 3455 375 3509 12
390 3447 427 3503 ab
454 3446 512 3502 alia
538 3447 782 3505 circumstantium
810 3448 896 3505 turba
921 3448 1070 3523 multiplici
1095 3449 1222 3512 adiecto.
1280 3451 1328 3509 Ita
1349 3445 1421 3508 ruffi

388 3551 462 3609 inter
491 3554 563 3610 duas
592 3555 668 3611 acies
689 3573 793 3629 campo
815 3553 968 3628 exiguntur
989 3541 1151 3630 quadriga,
1182 3567 1340 3630 amotoque
1363 3548 1420 3611 inni

387 3657 527 3730 ludibrio,
556 3670 616 3716 tum
638 3660 752 3716 demum
776 3661 813 3717 ad
834 3659 940 3716 iustum
962 3660 1093 3734 proelium
1116 3660 1201 3734 signo
1223 3662 1354 3735 utrinque
1370 3657 1420 3714 tes

294 3763 334 3833 42
388 3782 557 3822 concursum
573 3777 624 3824 est.
664 3764 798 3823 Ceterum
820 3784 898 3822 vana
917 3765 968 3821 illa
988 3782 1034 3820 res
1055 3782 1132 3820 verte
1154 3785 1225 3823 mox
1246 3767 1337 3825 cladis
1354 3776 1418 3824 ctu

388 3867 451 3925 fuit.
499 3872 621 3928 Auxilia
649 3873 722 3928 enim
750 3871 938 3940 subsidiaria,
975 3888 1038 3944 quae
1068 3871 1204 3946 proxima
1232 3872 1328 3931 locato
1350 3873 1417 3933 utu,

387 3993 497 4049 pavore
518 3985 547 4032 et
559 3977 789 4033 consternatione
811 3977 1016 4051 quadrigarum
1038 3978 1148 4048 territa,
1170 3979 1283 4052 etipsa
1302 3976 1413 4049 intogu

357 4091 473 4146 2versa
503 4081 648 4138 nudarunt
676 4082 772 4138 omnio
803 4101 894 4156 usque
921 4083 959 4139 ad
986 4083 1189 4158 cataphractos
1218 4085 1336 4158 equites.
1377 4072 1412 4137 dl

387 4203 460 4258 quos
482 4204 580 4259 quum,
602 4187 747 4262 dissipatis
768 4189 912 4260 subsidiis,
936 4188 1112 4263 pervenisset
1128 4189 1272 4262 equitatus
1285 4190 1410 4247 Romana

386 4309 423 4346 ne
441 4290 565 4364 primum
586 4293 700 4367 quidem
715 4293 854 4368 impetum
871 4294 1079 4364 sustinuerunt3
1101 4313 1169 4370 pars
1184 4313 1282 4353 eorum
1296 4290 1408 4353 fusim
