3484 5025
477 515 516 572 et
734 510 812 561 nire
828 509 955 562 mur.
996 509 1203 574 (asceam.)
1246 478 1251 484 ’
1295 551 1299 556 ,

405 700 501 755 80rta
523 704 567 754 eat
588 696 624 755 de
645 696 768 766 Thebis;
796 714 863 753 nam
885 714 936 753 eas
956 696 1057 772 populi
1077 696 1204 755 Romani
1226 696 1290 754 iure
1312 692 1380 753 belli
1399 692 1486 754 nen

437 821 500 860 esse
521 802 671 875 Quinctius
699 802 827 874 dicebat,
859 802 939 875 quod
965 802 1083 878 integris
1109 803 1211 873 rebus,
1243 800 1375 860 exercitu
1399 800 1437 858 ab
1458 816 1486 858 se
1525 799 1528 850 ἶ

437 910 563 979 admoto,
585 909 683 967 vocati
702 909 731 966 in
754 909 919 977 amicitiam,
943 926 1031 981 quum
1052 918 1183 984 potestas
1203 908 1297 966 libera
1317 906 1487 964 desciscendi

436 1017 474 1073 ab
505 1034 575 1091 rege
607 1024 698 1085 esset,
732 1016 843 1090 regiam
879 1014 1046 1071 societatem
1080 1015 1222 1072 Romame
1253 1013 1488 1090 praeposuieefflt3

405 1121 577 1186 9Phaeneas
599 1129 628 1176 et
647 1139 701 1195 pro
723 1120 862 1178 societate
883 1120 965 1190 belli,
997 1138 1062 1194 quae
1092 1129 1159 1177 ante
1186 1120 1293 1177 behem
1314 1120 1488 1190 habuissent,

387 1239 422 1293 10
435 1226 547 1285 restitui
557 1224 666 1283 AEtolis
686 1244 799 1300 aequum
820 1227 964 1296 censebat,
985 1236 1015 1283 et
1034 1226 1076 1283 ita
1095 1225 1126 1282 in
1141 1224 1249 1284 foedere
1262 1227 1358 1301 primo
1377 1234 1486 1284 cantent

435 1350 507 1405 esse,
530 1341 562 1389 ut
574 1331 640 1389 belli
651 1331 751 1407 prada
760 1351 866 1403 rerum,
888 1350 952 1406 quae
968 1330 1038 1389 ferri
1059 1332 1164 1408 agique
1184 1341 1313 1408 possent,
1333 1334 1487 1402 Romanoa,

388 1452 419 1505 11
436 1458 506 1515 ager
518 1440 660 1513 urbesque
676 1446 768 1513 captae
776 1438 896 1496 AEtolos
912 1449 1109 1514 sequerentur.
1158 1439 1258 1509 „Vos“
1280 1438 1384 1513 inquit.
1401 1436 1486 1513 „ipni⁵

436 1546 586 1620 Quinctius
612 1543 776 1612 ,societatis
797 1544 879 1602 istius
901 1543 979 1619 leges
1000 1545 1131 1620 rupistis,
1153 1564 1212 1620 quo
1233 1555 1367 1621 tempore
1388 1542 1487 1602 relictis

388 1663 423 1718 12
436 1652 519 1709 nobis
539 1669 602 1708 cum
619 1648 755 1730 Philippo
775 1668 876 1726 pacem
898 1649 1015 1708 fecistis.
1051 1651 1123 1724 Quae
1139 1650 1165 1707 ei
1181 1659 1321 1721 maneret,
1341 1658 1487 1725 captarum

436 1768 532 1814 tamen
555 1756 666 1812 urbium
689 1755 740 1813 illa
760 1756 808 1812 lex
828 1756 919 1826 foret3
941 1757 1099 1815 Thessalia
1117 1756 1248 1813 civitates
1269 1774 1324 1814 sua
1343 1756 1488 1814 voluntate

388 1864 422 1918 13
435 1863 465 1919 in
486 1862 626 1920 dicionem
649 1870 778 1919 nostram
800 1866 969 1921 venerunt.“
1018 1863 1090 1919 Haec
1110 1879 1176 1919 cnm
1198 1861 1325 1918 omnium
1347 1860 1486 1920 nouorum

436 1985 554 2025 assensn
578 1968 656 2024 dicta
676 1967 786 2025 AEtolis
813 1985 871 2023 non
901 1970 929 2024 in
956 1967 1109 2043 praesentia
1136 1967 1222 2025 modo
1251 1966 1357 2042 gravia
1383 1966 1488 2036 auditu,-

436 2073 487 2131 sed
507 2091 577 2130 mox
604 2072 691 2130 etiem
716 2074 783 2131 belli
805 2092 894 2132 causa
915 2092 1144 2149 magnarumque
1174 2092 1212 2131 ex
1237 2093 1272 2131 eo
1302 2071 1428 2130 cladium
1453 2071 1487 2132 it

389 2177 559 2236 ltfuerunt.
604 2177 676 2237 Cum
699 2180 835 2255 Philippo
859 2180 901 2237 ita
923 2180 1065 2249 convenit,
1094 2190 1127 2238 ut
1147 2180 1327 2237 Demetrium
1352 2178 1442 2237 filium
1458 2185 1487 2236 d

436 2286 577 2360 quosdam
612 2304 649 2342 ex
681 2286 839 2343 amicorum
871 2306 991 2344 numeru
1020 2287 1135 2344 obsides
1167 2296 1196 2344 et
1227 2286 1352 2343 ducenta
1384 2284 1492 2344 telata-

436 2392 527 2461 daret,
548 2392 584 2448 de
607 2391 708 2449 ceteris
729 2393 855 2450 Romam
875 2393 1000 2449 mitteret
1020 2392 1146 2467 legatum
1176 2392 1214 2449 ud
1235 2409 1299 2448 eam
1321 2409 1385 2448 rem
1407 2397 1488 2466 quw

385 2498 422 2553 15
435 2506 501 2555 tuor
521 2516 651 2555 mensum
672 2497 789 2556 indutiae
811 2507 920 2569 essent;
946 2498 971 2557 si
992 2518 1052 2574 pax
1074 2518 1133 2556 non
1152 2497 1308 2574 impetrata
1328 2497 1369 2554 ab
1390 2501 1484 2559 sem

435 2604 519 2674 foret,
541 2604 655 2661 obsides
676 2605 885 2679 pecuniamque
902 2605 984 2662 reddi
994 2604 1131 2680 Philippo
1146 2612 1292 2679 receptum
1305 2612 1359 2664 est.
1395 2602 1476 2665 Oe!

434 2711 568 2766 Romano
592 2709 759 2784 imperatori
790 2729 849 2767 non
876 2711 935 2767 alia
962 2710 1056 2768 maior
1076 2710 1166 2769 fuisse
1186 2709 1291 2766 dicitur
1312 2704 1475 2767 maturant!

434 2815 524 2890 pacis,
547 2834 633 2889 quam
657 2816 735 2890 quod
747 2816 923 2874 Antiochum
939 2817 1045 2874 bellum
1068 2817 1278 2890 transitumque
1298 2815 1329 2870 in
1341 2815 1474 2890 Europa!-

436 2920 529 2980 moliri
550 2922 710 2982 constabat.

341 3020 385 3089 ’14
517 3029 629 3085 Eodem
651 3037 780 3103 tempore
801 3037 904 3102 atque,
933 3036 962 3084 ut
994 3027 1111 3100 quidam
1134 3026 1288 3097 tradidere,
1321 3027 1420 3083 eodem
1438 3020 1470 3081 dit

436 3133 473 3190 ad
485 3131 654 3191 Corinthum
668 3133 768 3191 Achaei
786 3133 888 3190 ducem
909 3133 1020 3207 regium
1035 3133 1270 3190 Androsthenem
1290 3132 1367 3190 iusto
1388 3127 1470 3208 proelit

405 3238 579 3300 2iuderunt.
625 3240 700 3298 Eam
722 3240 821 3297 urbem
844 3258 898 3314 pre
921 3257 988 3296 arce
1006 3239 1155 3296 habiturus
1177 3237 1331 3313 Philippus
1353 3237 1470 3295 adverse

436 3345 557 3404 Graeeiae
577 3345 718 3415 civitates,
739 3357 768 3403 et
789 3344 933 3420 principes
955 3345 1022 3402 inde
1043 3354 1179 3402 evocatos
1194 3362 1247 3418 per
1262 3341 1387 3416 speciem
1401 3337 1470 3399 colit·

436 3450 556 3523 quendi,
585 3462 722 3526 quantum
752 3452 878 3526 equitum
911 3452 979 3509 dare
1001 3450 1142 3510 Corinthii
1169 3449 1206 3505 ad
1233 3446 1339 3505 bellum
1365 3450 1470 3522 possetis

405 3556 593 3613 3retinuerat
627 3577 680 3633 pro
712 3557 877 3628 obsidibus,
914 3567 942 3614 et
973 3564 1077 3631 praeter
1109 3555 1281 3629 quingentos
1313 3551 1488 3611 Macedonat·

436 3662 600 3737 mixtosque
625 3683 661 3720 ex
685 3664 763 3721 omni
783 3682 888 3739 genere
917 3662 1090 3719 auxiliorum
1121 3661 1315 3736 octingentos,
1343 3667 1412 3735 quot
1427 3657 1475 3715 iu.

405 3770 504 3825 tante
536 3768 578 3825 ibi
604 3768 728 3839 fuerent,
760 3769 837 3826 mille
862 3769 1056 3826 Macedonum
1083 3786 1118 3824 eo
1151 3767 1269 3824 miserat
1296 3777 1324 3823 et
1345 3766 1419 3824 mille
1435 3777 1470 3821 er

436 3875 580 3950 tingentes
601 3875 731 3951 Illyrios,
763 3876 954 3949 Thracasque
980 3885 1009 3931 et
1030 3872 1197 3943 Cretenses,
1232 3873 1281 3947 qui
1309 3872 1340 3929 in
1370 3881 1471 3944 utreque
1502 3880 1505 3887 '

406 3985 520 4056 operte
541 3981 718 4052 militabant,
747 3981 935 4056 octingentos.
982 3980 1038 4037 His
1066 3979 1156 4068 additi
1182 3978 1279 4036 Boeoti
1301 3977 1470 4050 Thessalique

437 4098 465 4145 et
497 4090 668 4146 Acarnanes
700 4087 791 4157 mille,
825 4087 930 4144 scutati
962 4103 1075 4155 omnes,
1108 4094 1136 4141 et
1165 4093 1269 4143 centum
1300 4105 1334 4143 aa
1362 4085 1469 4161 ipsorett

438 4192 651 4252 Corinthiorum
674 4194 830 4264 iuventute,
851 4193 969 4268 impleta
986 4202 1017 4248 ut
1027 4201 1122 4248 essent
1136 4210 1188 4248 sex
1199 4190 1289 4247 millia
1303 4200 1469 4251 armatam

407 4298 570 4358 dfiduciam
599 4300 797 4358 Androstheni
824 4298 953 4358 fecerunt
983 4297 1044 4354 acie
1072 4296 1251 4356 decernendi.
1299 4295 1469 4356 Nicostratus
1526 4370 1528 4381 Ι
