3484 5025
932 478 967 521 lv

416 659 493 716 vicio
516 659 646 716 veritatis
667 659 777 726 victus,
808 657 967 732 scripturas
987 658 1152 732 Moguntini
1175 667 1298 725 teneret,
1330 668 1428 713 tamen
1457 658 1488 713 in

418 741 605 798 annotatione
626 751 656 797 et
676 741 777 797 inanes
795 740 976 797 coniecturas
999 759 1036 796 ex
1058 740 1160 796 ceteris
1187 741 1305 797 duceret
1327 751 1355 795 et
1377 758 1487 813 pravas

417 823 648 898 interpolationis
678 822 856 897 suspiciones
885 823 918 878 in·
945 822 1072 879 codicem
1101 822 1302 897 Mogontinum
1331 822 1486 879 coniiceret

418 906 670 979 dubitationesquc
694 915 838 974 moveret,
871 922 943 978 quas
965 922 1041 979 saepe
1062 904 1110 961 vel
1131 904 1196 979 ipsa
1217 905 1330 961 illorum
1353 905 1484 960 locorum

418 987 513 1044 forma
535 999 563 1045 et
585 987 767 1045 codicumin
789 986 824 1043 iis
847 987 1029 1061 comparatio
1051 987 1209 1061 reprimere
1224 988 1371 1055 debuerat,
1394 986 1487 1042 multo

418 1080 513 1127 autem
537 1070 630 1144 magis
651 1070 739 1126 totius
760 1069 803 1125 rei
818 1068 1022 1126 consideratio.
1067 1068 1143 1141 Quid
1166 1078 1210 1125 est
1232 1070 1316 1139 eninr,
1339 1069 1363 1124 si
1386 1070 1487 1142 singu-

418 1154 463 1208 los
488 1161 599 1209 tantum
614 1153 695 1209 locos
717 1150 945 1221 consideramus,
967 1152 1130 1225 perversius
1153 1169 1239 1225 quam
1257 1170 1354 1226 quum,
1376 1160 1408 1207 ut
1429 1153 1489 1207 hoc

418 1245 499 1304 utar,
528 1235 593 1291 libr.
618 1234 756 1303 XXXV,
778 1236 807 1303 2,
831 1239 845 1290 7
874 1234 903 1289 in
932 1233 1046 1303 codice,
1078 1234 1156 1307 quod
1185 1252 1284 1289 omnes
1314 1234 1490 1304 concedunt,

418 1318 591 1391 perantiquo
613 1327 642 1373 et
663 1316 710 1373 cui
730 1315 880 1390 permultis
902 1315 973 1372 locis
995 1317 1112 1385 credas,
1134 1316 1175 1372 sic
1197 1316 1334 1390 scriptum
1356 1316 1485 1389 legatur:

416 1400 527 1473 placere
549 1400 741 1455 tumultuarios
760 1399 860 1455 milites
879 1407 958 1454 entra
970 1398 1086 1455 [tabam
1107 1399 1222 1454 acribia
1241 1407 1371 1471 praetore.
1403 1399 1489 1453 Mens

419 1500 451 1538 ea
481 1491 591 1538 senatus
605 1484 678 1554 ficit,
708 1490 739 1536 ut
765 1482 793 1536 in
819 1480 961 1554 Hispania
992 1482 1165 1536 tunzultunrii
1192 1482 1290 1536 milites
1321 1482 1486 1552 legerentur,

419 1565 529 1639 optima
560 1564 693 1620 oratione
722 1573 751 1620 et
772 1563 915 1619 sententia
939 1572 1132 1619 extremorum
1156 1563 1311 1618 verborum
1334 1563 1485 1637 aptissima

418 1647 455 1703 ad
478 1665 514 1702 ea
535 1646 742 1721 praeparanda,
765 1662 829 1718 quae
851 1644 1040 1701 subiiciuntur
1061 1645 1181 1701 Valerio
1203 1645 1325 1701 Antiate
1353 1654 1426 1700 teste
1448 1646 1487 1701 de

418 1728 554 1785 militibus
583 1728 668 1784 etiam
699 1747 735 1784 ex
766 1728 830 1783 aliis
858 1728 1014 1801 provinciis
1037 1727 1170 1796 adscitis,
1202 1728 1231 1782 in
1260 1728 1361 1784 ceteris
1386 1737 1482 1782 autem

417 1812 565 1868 codicibus
587 1812 624 1883 (B
645 1821 674 1866 et
688 1809 877 1884 vulgaribus),
900 1828 973 1883 quos
996 1828 1126 1885 persaepe
1150 1810 1304 1866 verborum
1328 1809 1485 1865 omissione

417 1911 539 1968 peccare
563 1893 727 1949 necessario
753 1892 817 1967 ipse
838 1893 1009 1961 confiteare,
1038 1893 1093 1949 sic:
1118 1894 1229 1966 placere
1251 1893 1412 1947 tumultuari
1432 1895 1483 1947 mi·

418 1978 478 2032 litas
500 1985 579 2032 entra
609 1975 721 2031 Italiam
744 1976 909 2048 legerentur,
938 1975 1069 2031 oratione
1096 1993 1189 2048 prava
1215 1975 1320 2047 (neque
1349 1974 1423 2029 enim
1447 1975 1487 2030 de

418 2058 541 2115 decretis
563 2057 668 2114 dicitur
688 2075 811 2131 usquam
828 2058 943 2132 placere
959 2057 1092 2129 bocfiot),
1112 2058 1168 2113 hoc
1192 2056 1335 2125 „fortasse
1355 2057 1484 2112 rectius“

417 2150 533 2214 putare,
553 2158 651 2214 quum,
674 2140 720 2197 cui
741 2140 851 2196 homini
876 2149 905 2195 et
929 2157 987 2212 quo
1006 2140 1126 2196 consilio
1152 2139 1203 2195 illa
1224 2139 1331 2195 addere
1352 2138 1381 2193 in
1404 2157 1486 2195 men·

416 2231 473 2278 tem
507 2222 632 2292 venerit,
664 2240 750 2279 nemo
787 2240 824 2278 ne
851 2221 992 2295 suspicari
1023 2222 1137 2295 quidem
1167 2221 1273 2296 possit,
1306 2240 1357 2278 cur
1385 2230 1485 2277 autern

416 2304 526 2361 omissa
552 2305 625 2375 sint,
655 2322 745 2361 causa
769 2303 1003 2361 manifestissima
1025 2303 1075 2373 sit3
1103 2304 1203 2360 oculus
1228 2304 1302 2359 enim
1331 2304 1486 2359 scribentis

317 2418 321 2425 ·
418 2387 460 2445 sic
482 2387 631 2445 aberravit
652 2406 671 2443 a
696 2388 889 2443 bimultuaries
910 2387 947 2442 ad
970 2388 1139 2455 tuntultucri,
1163 2396 1195 2442 ut
1214 2397 1310 2442 tamen
1332 2386 1382 2441 illa
1404 2396 1485 2442 estro

416 2469 529 2526 Italiam
546 2470 695 2544 arriperet.
739 2469 936 2543 Eiusdemque
950 2469 1147 2543 perversitatis
1169 2478 1222 2539 est,
1244 2486 1332 2542 quum
1353 2469 1485 2526 eiusdem

415 2551 482 2609 libri
502 2571 526 2610 c.
553 2556 604 2622 ll,
636 2555 668 2608 ll
695 2552 725 2607 in
747 2552 780 2606 M
802 2552 852 2607 sit:
882 2554 910 2606 ia
930 2569 1029 2624 apruni
1051 2553 1175 2607 latiorem
1198 2554 1280 2607 evecti
1308 2554 1397 2607 omnia
1413 2570 1485 2625 pro-

411 2638 522 2708 pinquo
542 2637 593 2690 oioe
619 2643 688 2690 tecto
710 2634 873 2698 incarduum
895 2636 1024 2707 proaimo
1047 2634 1144 2690 deinde
1163 2636 1222 2690 vice
1244 2637 1363 2706 inferunt
1382 2637 1487 2706 ignemr

408 2720 490 2790 ferro
504 2718 674 2790 flornmaque
695 2719 785 2772 ornata
801 2724 981 2791 pervasioni,
1010 2716 1039 2772 in
1062 2716 1163 2773 ceteris
1186 2726 1280 2772 autem
1306 2725 1432 2774 tantum:
1455 2720 1487 2773 in·

417 2801 541 2856 latiorem
560 2817 659 2872 apruni
680 2801 764 2856 evecti
784 2802 874 2855 matria
893 2807 1066 2873 pernoctant,
1089 2799 1197 2856 omissa
1217 2817 1337 2873 prorsus
1358 2799 1483 2856 incendii

415 2882 634 2956 significatione,
649 2899 736 2955 qnam
752 2881 901 2955 postulant
914 2881 1050 2956 proxima
1073 2882 1182 2955 (snmus
1191 2884 1283 2956 pmmo
1301 2883 1481 2956 compactas),

414 2965 511 3038 potius
542 2964 698 3020 dilucidam
731 2974 760 3020 et
785 2965 902 3021 uberem
934 2973 963 3020 et
987 2965 1139 3021 Livianam
1166 2964 1208 3020 rei
1238 2962 1433 3020 narrationem
1463 2983 1482 3021 a

414 3047 512 3104 nescio
541 3064 599 3119 quo
627 3046 748 3103 inauditi
777 3047 891 3121 generis
923 3047 1130 3121 interpolatore
1162 3046 1223 3104 sine
1252 3047 1356 3102 umbra
1386 3065 1486 3104 causae

415 3129 615 3204 interpositam
643 3138 747 3203 putare
771 3148 859 3202 quam
881 3129 1055 3203 intelligere,
1084 3128 1242 3202 quodiam
1267 3128 1316 3185 alii
1338 3128 1481 3200 dixerant,

415 3211 535 3280 librarii,
559 3231 577 3268 a
599 3211 679 3268 cuius
703 3213 833 3286 operaB
849 3222 878 3269 et
892 3211 1027 3286 vulgares
1050 3211 1164 3269 codices
1186 3212 1241 3268 orti
1267 3220 1342 3282 sunt,
1364 3213 1481 3269 oculum

416 3312 435 3349 a
456 3294 553 3368 priore
574 3297 664 3350 omnia
686 3295 723 3351 ad
749 3294 871 3351 alterum
900 3294 1087 3352 transiluisse.
1142 3293 1181 3350 Et
1205 3294 1366 3351 advocatur
1393 3295 1483 3351 etiam·

415 3377 496 3433 testis
518 3376 691 3445 Frontinus,
714 3377 798 3451 quasi
819 3395 877 3433 non
899 3377 939 3445 is,
962 3395 1048 3450 quum
1072 3394 1133 3432 rem
1156 3394 1209 3432 suo
1238 3377 1325 3432 modo
1355 3378 1486 3434 breviter

415 3469 443 3515 et
470 3459 547 3517 nude
567 3470 715 3528 narraret,
738 3459 806 3515 item
829 3459 957 3533 reliqua,
982 3476 1046 3531 quse
1069 3458 1176 3515 Livius
1200 3459 1371 3534 amplificat,
1405 3461 1480 3516 omi·

414 3542 499 3610 serit,
521 3543 557 3598 de
579 3541 677 3612 fumo,
704 3542 740 3598 de
770 3540 912 3610 clamore,
942 3541 978 3598 de
1000 3541 1161 3597 senioribus
1183 3550 1212 3597 et
1233 3543 1345 3616 pueris,
1374 3552 1480 3599 cetera.

413 3624 514 3680 Nihilo
537 3633 633 3681 autem
656 3624 701 3681 bis
724 3623 908 3698 prudentius,
937 3624 1015 3697 quod
1037 3625 1075 3680 ad
1096 3623 1251 3692 XXXIV,
1275 3628 1323 3694 57,
1347 3627 1364 3680 8
1388 3644 1483 3681 anno-

413 3716 500 3776 tatur,
523 3707 572 3780 qui
593 3707 690 3775 locas,
720 3716 752 3762 ut
772 3705 913 3764 Emendd.
938 3705 1023 3762 Livv.
1049 3725 1077 3780 p.
1100 3709 1160 3764 364
1183 3707 1304 3777 ostendi,
1326 3707 1373 3762 vel
1394 3727 1480 3782 aper·

412 3788 540 3845 tissimus
575 3798 619 3846 est
651 3789 688 3845 ad
721 3788 854 3845 codicum
887 3787 1036 3862 dignitatis
1074 3790 1203 3846 ordinem
1237 3790 1477 3848 constituendum.

412 3872 491 3928 Nam
513 3871 554 3928 ibi
574 3872 604 3928 in
619 3872 652 3927 M
673 3870 831 3945 aptissime,
853 3871 985 3927 oratione
999 3871 1120 3946 propria
1135 3882 1164 3928 et
1179 3872 1309 3946 antiqua,
1330 3873 1484 3929 scribitur:¹

411 3964 462 4010 out
485 3973 518 4009 ea
539 3955 665 4027 formula
686 3955 756 4010 iaris
781 3955 891 4026 undoni
912 3963 962 4010 ant
987 3972 1021 4009 ec
1044 3957 1139 4028 partis
1160 3958 1303 4029 utriusque
1323 3957 1478 4025 commod03

412 4055 500 4111 quum
524 4046 619 4093 autem
641 4036 671 4092 in
695 4053 729 4092 eo
749 4035 859 4103 codice,
881 4055 918 4092 ex
940 4055 998 4110 quo
1021 4036 1046 4092 B
1069 4045 1098 4093 et
1119 4038 1255 4112 vulgares
1277 4037 1333 4094 orti
1354 4048 1430 4106 sunt,
1452 4038 1483 4093 F

410 4120 439 4175 in
463 4120 495 4174 E
507 4128 628 4189 mutato,
651 4127 750 4175 natum
767 4129 857 4186 esset:
881 4138 914 4175 aa
938 4138 967 4175 ee
989 4124 1090 4188 rusaio,
1111 4120 1178 4176 binc
1198 4120 1228 4178 in
1251 4120 1351 4176 codice
1373 4121 1478 4194 vulga·

409 4201 483 4257 rium
505 4201 635 4275 principe
657 4200 782 4258 mirabili
809 4202 971 4277 corrigendi
1000 4200 1183 4276 simplicitate
1209 4200 1342 4259 effectum
1373 4213 1418 4259 est
1441 4222 1473 4258 ec

410 4303 440 4339 co
462 4286 543 4339 simul
563 4302 597 4352 o,
621 4283 845 4359 Bambergensis
867 4294 962 4341 autem
993 4284 1100 4342 codicis
1122 4284 1273 4354 librarius,
1304 4286 1382 4358 quod
1409 4285 1481 4343 fecit
