3484 5025
470 513 507 568 34
740 508 817 557 Liber
834 506 934 557 XXXI.
978 508 1024 569 (A.
1037 522 1063 557 ιι.
1076 522 1099 557 c.
1113 508 1185 568 stt.)

398 694 452 749 7si
478 693 594 749 modum
626 710 773 767 prospera
802 710 906 768 pugnae
932 692 1128 766 imposuisset.
1179 690 1224 747 Εο
1255 706 1374 764 quoque
1399 687 1486 744 miuus
1528 677 1532 784 q*

428 807 472 855 est
493 798 606 867 mirum,
629 806 756 854 tentasse
777 816 842 854 eum
865 796 1024 864 fortunam,
1046 794 1299 871 quodfamaerat,
1322 795 1486 852 Pleuratum
1528 803 1532 888 q

429 905 645 978 Dardanosque
665 904 829 978 ingentibus
851 902 942 977 copiis
958 900 1103 977 profectos
1126 902 1213 958 domo
1234 901 1292 958 iam
1315 900 1487 958 inMacedo·
1528 891 1532 904 ¹

399 1006 507 1065 8niam
529 1010 754 1078 transcendisse3
778 1009 882 1083 quibus
904 1008 929 1064 si
940 1007 1067 1080 undique
1083 1008 1294 1064 circumventus
1306 1004 1399 1079 copiis
1410 1003 1488 1072 foret,

399 1112 575 1171 {laedentem
597 1114 762 1171 Romanum
784 1114 993 1171 debellaturum
1016 1113 1094 1169 credi
1116 1121 1238 1187 poterat.
1276 1111 1489 1182 Itaqueseean·

431 1220 500 1275 dnm
522 1218 595 1274 duas
618 1218 757 1275 adversas
779 1228 926 1292 equestres
936 1236 1049 1294 pugnas
1063 1217 1153 1273 multo
1166 1215 1259 1272 minus
1275 1222 1368 1272 tutam
1383 1233 1488 1273 moran

428 1323 458 1379 in
487 1322 589 1378 iisdem
617 1323 730 1379 stativis
761 1321 825 1381 fore
855 1324 1007 1399 Philippus
1028 1331 1126 1390 ratus,
1155 1340 1243 1394 quum
1270 1321 1352 1378 abire
1380 1321 1488 1377 indust

429 1426 531 1484 fallere
562 1426 662 1483 abiens
689 1429 801 1484 hostem
833 1428 936 1498 vellet,
968 1428 1158 1486 caduceatore
1191 1428 1244 1483 sub
1267 1444 1404 1484 occasum
1427 1424 1488 1483 solis

381 1534 520 1592 lamisso
543 1533 580 1588 ad
602 1531 759 1602 consulem,
782 1532 831 1605 qui
852 1533 979 1590 indutias
1002 1532 1039 1588 ad
1061 1533 1241 1608 sepeliendos
1255 1533 1366 1605 equites
1377 1539 1488 1607 peterat,

430 1638 585 1695 frustratus
608 1637 730 1703 hostem,
742 1639 879 1725 ¹secunda
895 1638 1003 1712 vigilia,
1026 1639 1122 1695 multis
1134 1638 1248 1714 ignibus
1260 1656 1313 1712 per
1325 1645 1390 1694 tota
1401 1644 1489 1694 casus

430 1742 545 1812 relictis,
568 1740 662 1797 silenti
684 1742 798 1816 agmine
820 1744 889 1799 abit.
1203 1722 1205 1726 Α

336 1844 382 1912 39
515 1846 629 1921 Corpus
651 1846 709 1903 iam
734 1849 856 1904 curabat
879 1849 988 1918 consul,
1018 1867 1116 1922 quum,
1139 1847 1251 1903 venisse
1274 1848 1488 1905 caduceatorem

400 1954 461 2010 2et
483 1952 551 2025 quid
574 1951 707 2018 venisset,
729 1952 890 2009 nuntiatum
914 1965 965 2009 est.
1006 1956 1158 2026 Responsa
1174 1962 1285 2008 tantum
1309 1952 1389 2022 dato,
1413 1969 1490 2009 mane

434 2068 552 2133 postero
577 2057 623 2112 die
645 2054 709 2111 fore
735 2056 848 2130 copium
872 2058 1070 2123 conveniendi,
1097 2057 1126 2113 id
1150 2057 1228 2131 quod
1251 2057 1403 2131 quaesitum
1426 2065 1490 2127 eret,

433 2182 492 2219 nox
514 2161 629 2234 dieique
657 2160 833 2235 insequentis
861 2180 931 2236 pars
962 2163 1000 2218 ad
1025 2163 1245 2236 proecipiendum
1274 2162 1331 2220 iter
1360 2162 1532 2238 Philippo
1521 2171 1532 2212 .·'

433 2270 503 2325 data
524 2277 576 2327 est
621 2266 745 2333 Montes,
769 2285 856 2340 quam
879 2267 955 2323 viam
979 2286 1037 2324 non
1058 2268 1255 2342 ingressurum
1278 2268 1363 2341 gravi
1382 2267 1532 2343 agmina
1518 2241 1532 2310 ll

401 2373 596 2432 3Romanum
619 2371 738 2440 sciebat,
760 2372 841 2447 petit.
876 2370 994 2442 Consul,
1014 2372 1109 2447 prime
1130 2371 1193 2429 luce
1215 2345 1532 2438 caduceatorem}
1530 2451 1532 2456 Ι

431 2478 547 2536 indutiis
569 2477 697 2545 dimisso,
719 2477 797 2533 haud
819 2477 860 2535 ita
883 2479 972 2536 multo
994 2487 1061 2555 post
1083 2477 1178 2535 abisse
1198 2479 1310 2535 hostem
1330 2493 1532 2553 quumseu·

432 2584 532 2652 sisset,
562 2583 691 2656 ignarus,
725 2600 783 2655 qua
813 2594 997 2656 sequeretur,
1027 2585 1128 2641 iisdem
1156 2584 1269 2641 stativis
1291 2582 1489 2641 frumentando
1515 2616 1532 2673 5

402 2688 493 2744 ldies
516 2687 627 2760 aliquot
647 2687 834 2760 consumpsit
869 2686 1038 2746 Stuberram
1061 2688 1163 2744 deinde
1177 2689 1250 2763 petit
1276 2699 1364 2764 atque
1387 2709 1425 2746 ex
1442 2689 1532 2746 Pe·-
1529 2730 1532 2737 .

432 2792 551 2866 lagonia
572 2789 756 2861 frumentum,
789 2793 906 2866 quod'
897 2812 926 2849 m
966 2794 1044 2868 agris
1077 2802 1148 2863 erat,
1171 2794 1315 2851 convexit.
1366 2791 1492 2851 Indead

434 2896 588 2953 Pluinnam
612 2904 656 2952 est
676 2915 862 2972 progressus,
891 2898 1020 2955 noudum
1049 2909 1213 2974 comperto,
1240 2917 1329 2972 quarn
1348 2901 1497 2976 regionem·

404 3003 531 3058 5hostes
554 3001 701 3076 petissent.
745 3003 899 3079 Philippus
921 3023 1009 3078 quum
1032 3003 1126 3078 primo
1149 3004 1186 3060 ad
1208 3004 1369 3062 Bruanium
1392 3003 1491 3062 stativa

433 3107 591 3176 habuisset,
615 3108 762 3182 profectus
780 3108 846 3164 inde
868 3110 1042 3166 transversis
1063 3108 1201 3165 limitibus
1222 3118 1362 3168 terrorem
1375 3108 1490 3186 praebuit

435 3211 560 3269 subitum
582 3212 669 3270 hosti.
713 3214 834 3270 Movere
855 3214 954 3287 itaque
976 3233 1012 3270 ex
1035 3215 1160 3272 Pluinna
1181 3213 1306 3272 Romani
1329 3224 1357 3270 et
1381 3214 1418 3271 ad
1440 3211 1490 3272 Ot-

404 3322 421 3376 6
434 3319 561 3392 phagum
592 3317 697 3373 flumen
726 3326 886 3391 posuerunt
906 3328 1010 3379 castra.
1059 3321 1124 3378 Rex
1155 3320 1233 3376 haud
1260 3319 1363 3394 procul
1385 3319 1450 3376 inde
1467 3324 1492 3374 at

435 3424 497 3498 ipse
511 3422 590 3478 vallo
614 3439 701 3495 super
722 3419 815 3495 ripam
839 3423 932 3478 amnis
954 3425 1040 3480 ducto
1063 3423 1234 3500 (Erigonum
1257 3424 1359 3482 incolae
1381 3420 1490 3498 vocant)

405 3527 574 3585 iconsedit.
606 3526 678 3583 lude
700 3526 770 3581 satis
782 3536 940 3602 comperto,
962 3529 1115 3586 Eordaeam
1137 3530 1277 3605 petituros
1290 3526 1490 3599 Romanouatl

437 3633 622 3706 occupandas
635 3631 793 3705 angustias,
805 3650 841 3687 ne
858 3650 998 3707 superare
1008 3636 1105 3692 hostes
1121 3636 1191 3691 artis
1208 3632 1342 3692 faucibus
1357 3636 1489 3693 inclusum

405 3734 544 3794 Seditum
568 3746 695 3812 possent,
716 3737 870 3810 praecessit.
921 3739 966 3795 lbi
989 3740 1048 3796 alia
1069 3740 1157 3808 vallo,
1187 3740 1244 3796 alia
1265 3739 1357 3810 fossa,
1380 3740 1437 3797 alia
1454 3739 1492 3796 la·

435 3843 534 3916 pidum
559 3841 702 3916 congerie,
732 3850 764 3897 ut
791 3861 845 3915 pro
869 3861 952 3899 muro
983 3852 1086 3911 esseut,
1114 3843 1173 3900 alia
1195 3845 1350 3902 arboribus
1372 3844 1498 3912 obiectis,

436 3956 467 4004 ut
499 3957 549 4003 aut
574 3947 655 4003 locus
685 3947 855 4020 postulabat
884 3956 935 4003 aut
973 3949 1094 4004 materie
1122 3949 1343 4023 suppeditabat,
1377 3964 1500 4027 propero

406 4049 593 4126 9permuniit
617 4061 713 4125 atque,
735 4062 767 4106 ut
788 4052 849 4126 ipse
870 4052 997 4121 rebatur,
1016 4053 1094 4109 viam
1118 4063 1221 4129 suapte
1232 4065 1338 4113 natura
1353 4054 1499 4113 difficilem

438 4156 558 4213 obiectis
589 4174 641 4229 per
670 4174 770 4212 omnes
804 4157 942 4213 transitus
972 4157 1106 4232 operibus
1136 4159 1390 4234 inexpugnabilem
1421 4157 1502 4216 iecit.

387 4260 530 4318 taurana
551 4259 691 4334 pleraque
716 4260 859 4317 silvestria
883 4262 968 4331 circa,
999 4263 1183 4321 incommoda
1213 4265 1354 4340 phalangi
1375 4264 1505 4322 manno
