3484 5025
609 525 688 574 Liber
704 525 830 574 xxxa·
852 522 901 586 (A.
915 520 963 572 Ch.
981 525 1050 587 los.)
1278 528 1317 584 69

290 706 385 761 missis
407 702 541 777 Achaeis,
563 709 686 765 reditum
709 710 747 766 sd
768 727 858 765 noves
880 717 932 765 est.
980 707 1098 765 Attalus
1121 707 1263 777 Piraeum,
1300 710 1361 766 Ro·

291 811 369 867 mani
392 808 554 887 Corcyram
576 814 728 888 petierunt.

292 947 294 952 ·
373 917 457 974 Dum
479 919 542 974 haeo
563 920 602 975 ab
623 920 721 975 navali
743 920 870 976 exercitu
893 927 1041 995 geruntur,
1064 918 1165 975 consul
1185 919 1215 974 in
1227 919 1357 976 Phocide
1412 911 1458 981 24

289 1024 328 1079 od
349 1023 488 1079 Elsteum
512 1024 614 1080 eastris
632 1024 734 1099 positis
755 1024 850 1098 primo
873 1024 1024 1099 colloquiis
1052 1044 1113 1080 rem
1135 1042 1188 1098 per
1214 1024 1358 1098 principes

291 1128 474 1185 Elatensium
489 1130 627 1200 tentavit;
648 1139 813 1205 postquam,
835 1130 906 1187 nihil
918 1148 982 1186 esse
995 1130 1025 1186 in
1040 1148 1127 1185 manu
1150 1147 1203 1185 suo
1219 1138 1247 1185 et
1262 1128 1359 1203 plures
1375 1130 1391 1183 2

291 1233 510 1306 validioresque
531 1251 594 1290 esse
614 1235 712 1309 regios
736 1254 823 1309 quam
838 1224 1016 1309 oppidanos,
1038 1234 1277 1308 respondebatur,
1299 1243 1358 1291 tum

290 1338 377 1393 simul
403 1340 442 1394 ab
468 1339 546 1395 omni
567 1350 652 1414 parte
680 1341 817 1415 operibus
839 1341 986 1413 armisque
1008 1340 1108 1396 urbem
1131 1348 1175 1395 est
1197 1358 1360 1414 aggressus.

294 1443 396 1499 Ariete
418 1444 539 1501 admoto
562 1464 667 1520 quum,
697 1454 836 1520 quantum
866 1444 943 1501 inter
963 1444 1036 1500 duas
1064 1454 1157 1500 turres
1189 1445 1261 1501 muri
1290 1445 1392 1514 erat,3

293 1560 447 1621 prorutum
469 1568 534 1605 cum
556 1552 666 1626 ingenti
686 1552 804 1624 fragore
826 1567 861 1604 ac
883 1547 1002 1621 strepitu
1025 1550 1163 1605 nudasset
1186 1552 1295 1620 urbem,
1322 1552 1362 1607 si·

296 1652 353 1707 mul
375 1662 404 1709 et
427 1655 533 1710 cohors
555 1656 690 1712 Romana
712 1675 765 1730 per
780 1663 912 1729 apertum
930 1655 1037 1711 recenti
1060 1664 1157 1729 strage
1178 1656 1233 1712 iter
1247 1656 1362 1724 invasit,

298 1767 381 1813 etex
403 1758 540 1816 omnibus
562 1761 662 1835 oppidi
683 1761 831 1836 partibus,
859 1758 968 1815 relictis
990 1760 1050 1816 suis
1078 1760 1200 1835 quisque
1230 1761 1393 1817 stationi-4

299 1862 358 1931 bus,
380 1863 410 1918 in
436 1882 512 1935 eum,
534 1866 584 1939 qui
605 1869 791 1940 premebatur
811 1866 921 1939 impetu
945 1864 1089 1934 hostium,
1118 1865 1213 1922 locum
1242 1884 1362 1923 concur·

300 1978 403 2027 rerunt.
440 1969 554 2026 Eodem
577 1981 708 2045 tempore
718 1970 843 2028 Romani
866 1980 895 2026 et
916 1970 1015 2026 ruinas
1038 1971 1111 2027 muri
1130 1972 1395 2047 supervadebantb

304 2081 328 2127 et
347 2074 442 2130 scales
466 2076 505 2130 ad
526 2077 633 2132 stantia
655 2077 761 2133 muenia
782 2075 960 2144 inferebant3
988 2084 1017 2131 et
1044 2076 1111 2131 dum
1134 2077 1272 2133 inunum
1295 2096 1363 2151 par·

305 2185 355 2234 tem
385 2179 487 2237 oeulos
517 2181 687 2254 animosque
714 2181 839 2238 bostium
868 2189 1014 2237 certamen
1043 2190 1205 2248 averterat,
1233 2181 1364 2255 pluribus

309 2280 369 2340 locis
389 2262 476 2341 scolis
499 2287 613 2361 eapitur
633 2306 733 2343 murus
765 2286 928 2359 armatique
949 2286 979 2342 iu
1001 2288 1100 2343 urbem
1117 2287 1364 2344 transcenderunt.

310 2384 366 2456 Quo
386 2390 510 2446 tumultu
537 2392 635 2448 audito
658 2392 749 2449 territi
770 2394 885 2460 hostes,
907 2392 1028 2461 relicto,
1049 2411 1134 2465 quem
1158 2390 1280 2447 conferti
1302 2388 1396 2446 tue-6

313 2490 413 2564 bantur,
440 2494 516 2566 loco,
538 2498 567 2554 in
589 2517 684 2555 arcem
708 2517 823 2565 omues,
845 2497 947 2555 inermi
970 2517 1087 2573 quoque
1110 2507 1248 2571 sequente
1270 2498 1365 2566 turba,

314 2597 500 2674 uouhrgerunt.
543 2603 591 2658 Ita
612 2603 952 2678 urbepotiturconsu13
982 2621 1040 2677 qua
1062 2604 1189 2678 direpta,
1216 2603 1312 2659 missis
1334 2601 1395 2658 int

317 2718 406 2774 urcem,
438 2706 488 2780 qui
510 2707 599 2763 vitam
630 2707 733 2782 regiis,
764 2708 788 2763 si
809 2708 934 2763 inermes
962 2709 1042 2764 abire
1064 2708 1179 2777 vellent,
1201 2709 1363 2764 libertatem

318 2805 485 2868 Elatensibus
507 2812 719 2885 pollicerentur,
741 2813 855 2885 fideque
877 2812 907 2868 iu
929 2813 991 2869 haec
1009 2813 1098 2882 data,
1120 2822 1187 2887 post
1209 2813 1269 2868 dies
1292 2832 1364 2887 pou-

318 2928 358 2967 cos
376 2933 467 2972 arcem
491 2917 601 2990 recipit.

386 3018 530 3077 Ceterum·
544 3022 669 3077 adventu
684 3022 713 3076 iu
725 3021 869 3078 Achaiam
890 3021 1038 3094 Philoclis,
1060 3024 1132 3098 regii
1147 3022 1285 3098 praelecti,
1308 3041 1365 3079 non
1418 3013 1461 3079 25

269 3130 271 3193 ζ
319 3118 457 3182 Corinthus
482 3135 593 3182 tantum
615 3126 738 3182 liberata
760 3126 928 3198 obsidione,
958 3128 1008 3183 sed
1039 3130 1217 3204 Argivorum
1248 3147 1366 3202 quoque

319 3225 403 3286 civitas
432 3250 486 3305 per
514 3231 655 3303 quosdam
687 3231 832 3313 principes
850 3231 986 3289 ⁴Philocli
1017 3233 1133 3307 prodita
1163 3242 1221 3299 est,
1249 3233 1366 3288 tentatis

320 3331 383 3403 prius
411 3337 514 3393 animis
542 3336 643 3411 plebis.
691 3337 759 3392 Mos
787 3346 850 3394 erat
880 3338 1062 3395 comitiorum
1090 3337 1136 3393 die
1164 3336 1258 3410 primo
1288 3336 1367 3391 velut
1380 3333 1404 3405 2

320 3439 405 3496 ominis
436 3460 527 3498 causo
558 3451 696 3516 praetores
727 3440 916 3516 'pronuntiare
949 3444 1051 3499 Iovem
1084 3440 1308 3514 Apollinemque
1339 3451 1366 3496 et

322 3539 470 3615 Herculem3
494 3547 623 3603 additum
645 3547 709 3621 lege
731 3555 803 3615 erat,
825 3549 922 3605 uthis
944 3547 1097 3621 Philippus
1117 3564 1169 3602 rex
1185 3545 1365 3601 adiiceretur.

321 3642 392 3706 Cuius
412 3671 518 3708 nomen
539 3661 606 3726 post
627 3661 744 3726 pactam
767 3670 832 3707 cum
847 3652 989 3708 Romanis
1012 3651 1179 3708 societatem
1202 3650 1271 3723 quie
1291 3653 1396 3723 prae·3

321 3765 347 3804 ⁰⁰
363 3772 415 3811 uon
436 3756 550 3826 adiecit,
572 3755 703 3812 fremitus
726 3757 819 3830 primo
842 3757 1032 3813 multitudinis
1054 3765 1151 3824 ortus,
1177 3755 1283 3811 deinde
1307 3755 1395 3812 cla-l

278 3834 282 3843 Ι
322 3872 370 3914 mor
388 3861 597 3917 subiicientium
613 3861 742 3935 Philippi
763 3880 869 3918 nomeu
890 3862 1107 3935 iubentiumque
1128 3860 1286 3934 legitimum
1311 3862 1364 3917 ho·

323 3975 401 4021 uorem
424 3984 583 4041 usurpare,
605 3967 698 4029 donec
720 3985 785 4023 cum
807 3967 917 4042 ingenti
939 3984 1058 4024 assensu
1087 3983 1193 4022 nomen
1214 3965 1364 4020 recitatum

324 4075 362 4123 est.
404 4071 500 4127 Huius
523 4071 630 4127 fiducia
651 4071 762 4128 favoris
785 4070 931 4127 Philocles
953 4071 1107 4128 arcessitus
1136 4082 1221 4127 nocte
1243 4055 1397 4143 occupati>

324 4171 403 4231 'collem
424 4176 620 4234 imminentem
649 4176 714 4233 urbi
743 4176 892 4249 (Larisum
914 4194 978 4232 eam
1004 4193 1100 4232 arcem
1122 4176 1258 4247 vocant),
1288 4175 1366 4249 posi-

325 4281 392 4352 toque
418 4282 458 4338 ibi
489 4282 640 4357 praesidio,
672 4300 759 4355 quum
789 4281 861 4337 lueis
892 4280 1034 4355 principio
1067 4281 1156 4355 signis
1184 4279 1296 4337 infestis
1330 4280 1366 4336 ad
