3484 5025
620 396 698 446 Liber
713 394 814 444 xm
850 394 899 458 (L
916 392 966 444 ch.
979 398 1053 456 100.)
1275 398 1314 452 33

249 651 250 656 η
305 594 435 634 nmmum
467 577 557 634 &sm
584 577 654 634 belli
683 577 845 653 profectum
877 576 968 647 forst3
998 595 1076 634 nune
1103 577 1243 634 aviditate
1269 576 1388 633 codisd

301 680 530 755 intemperantius
553 683 655 750 sconti,
678 684 707 740 in
729 700 907 758 proegressas
934 701 998 739 cnm
1022 682 1143 739 tribunis
1163 682 1284 738 militum
1307 699 1356 737 co·

298 785 389 842 hortos
407 786 559 843 Romanas
583 785 724 857 incidere,
753 799 782 845 et
808 787 923 862 fugiens
950 805 1055 861 eques,
1089 796 1120 844 ut
1149 788 1243 862 primo
1273 786 1385 859 signa?

296 906 408 946 tuorum
429 889 513 959 vidit,
534 890 679 947 convertit
698 891 729 948 in
750 890 872 949 effusum
884 894 996 949 hostem
1019 910 1120 965 equos,
1141 910 1285 965 versaque
1295 910 1357 948 mo·

295 1006 387 1051 mento
409 994 552 1069 temporis
573 994 691 1052 fortuna
711 1015 817 1071 pugnas
838 1006 891 1065 est,
918 1008 1002 1070 terga
1026 997 1170 1064 dentibus,
1195 996 1246 1070 qui
1270 996 1357 1053 modo

292 1100 380 1157 secmi
401 1112 496 1156 erant.
550 1100 636 1157 Multi
664 1102 795 1158 eominus
815 1101 972 1176 congressi,
1002 1100 1083 1157 multi
1104 1100 1247 1176 fugientes
1268 1102 1387 1157 iuter-8

291 1203 372 1273 fecti,
394 1224 450 1263 nec
469 1204 549 1263 ferro
571 1218 683 1263 tantum
705 1208 826 1282 periere,
845 1207 898 1263 sed
919 1205 949 1261 iu
967 1205 1088 1279 paludes
1105 1207 1222 1280 quidam
1237 1206 1357 1262 coniecti

291 1308 437 1385 profundo
461 1312 532 1368 limo
562 1331 626 1370 oum
648 1312 719 1387 ipsis
741 1312 823 1385 equis
852 1311 948 1368 hausti
973 1322 1048 1368 suut.
1097 1313 1162 1368 Rex
1191 1330 1307 1385 quoque
1327 1312 1387 1367 ins

291 1416 417 1489 periculo
439 1415 513 1487 fuit3
540 1435 608 1473 nam
629 1428 731 1474 ruente
752 1418 852 1473 saucio
869 1435 945 1490 equo
956 1434 1085 1491 praeceps
1098 1417 1136 1472 ad
1147 1427 1253 1473 terram
1272 1418 1357 1473 datus

291 1521 367 1578 haud
389 1521 512 1578 multum
534 1520 618 1590 adsit,
642 1522 711 1596 quin
722 1522 821 1579 iacens
838 1522 1058 1596 opprimeretur.
1089 1520 1183 1579 Saluti
1193 1523 1248 1579 fuit
1258 1542 1356 1597 eques,
1372 1524 1407 1576 10

293 1627 339 1699 qui
359 1628 468 1702 raptim
490 1627 554 1702 ipse
576 1627 691 1683 desiluit
713 1627 910 1701 pavidumque
932 1600 1030 1702 regem
1051 1628 1081 1684 in
1103 1646 1207 1702 equum
1226 1628 1356 1686 subiecit.

292 1730 366 1805 Ipse,
389 1750 479 1805 quum
502 1732 592 1805 pedes
613 1751 730 1806 aquare
756 1750 840 1789 cursu
868 1731 1011 1805 fugientes
1033 1752 1090 1788 non
1117 1742 1216 1807 posset
1237 1734 1357 1807 equites,

294 1836 327 1892 ab
347 1837 484 1894 hostibus
505 1838 545 1893 ad
569 1856 669 1894 casum
702 1838 780 1911 regis
807 1836 958 1902 concitatis
991 1835 1143 1893 confossus
1164 1838 1248 1911 perit.
1292 1840 1357 1895 Rex
1373 1839 1403 1891 il

294 1941 500 2000 circumvectus
522 1942 645 2017 paludes
667 1961 719 2017 per
740 1943 804 1998 vies
825 1941 962 2014 inviaque
983 1941 1096 2015 trepida
1117 1939 1188 2015 fuga
1209 1943 1238 1997 in
1260 1951 1357 1997 eastra

295 2046 417 2117 tandem,
439 2047 499 2103 iam
522 2047 742 2121 desperantibus
763 2047 910 2121 plerisque
922 2045 1094 2102 incolumem
1106 2064 1270 2115 evasurum,
1292 2065 1356 2119 per-

297 2151 376 2209 venit.
420 2152 548 2208 Ducenti
571 2151 765 2208 Macedonum
788 2152 899 2224 equites
920 2169 955 2207 eo
978 2150 1081 2225 proelio
1102 2151 1223 2224 periere,
1244 2161 1356 2205 centum
1375 2148 1408 2202 12

269 2303 275 2320 ,
298 2254 381 2313 ferme
415 2257 512 2331 capti3
544 2258 693 2332 octoginta
722 2256 878 2313 admodum
909 2255 1004 2314 ornati
1031 2255 1116 2327 equi,
1147 2254 1246 2328 spoliis
1273 2253 1358 2309 simul

299 2380 438 2419 tumorum
460 2362 570 2433 relatis,
591 2363 718 2420 abducti.

372 2468 480 2539 Fuere,
503 2470 553 2541 qui
577 2468 702 2526 hoodie
729 2484 826 2542 regem
849 2464 1034 2535 temeritatis,
1062 2463 1207 2521 consulem
1230 2462 1358 2538 segnitia
1401 2460 1450 2529 38

300 2582 476 2640 accusarent,
497 2592 565 2630 nam
588 2584 618 2630 et
639 2573 777 2648 Philippo
799 2571 1005 2645 quiescendum
1026 2570 1124 2640 fuisse,
1147 2588 1235 2643 quum
1256 2570 1357 2643 paucis

251 2704 253 2709 ·
301 2674 391 2734 diebus
412 2679 523 2747 hostes,
545 2679 689 2735 exhausto
716 2677 794 2733 circa
823 2676 903 2731 omui
929 2693 1011 2750 agro,
1036 2675 1074 2731 ad
1099 2675 1230 2731 ultimum
1253 2674 1357 2748 inopiae

303 2789 429 2838 venturos
450 2782 547 2850 sciret,
569 2793 599 2839 et
615 2783 772 2850 consulem,
795 2799 883 2854 quum
900 2781 1058 2855 equitatum
1069 2780 1195 2836 hostium
1206 2778 1387 2851 levemque2

305 2897 471 2942 umaturam
493 2884 617 2942 fudisset
648 2905 684 2942 ac
714 2904 806 2960 prope
833 2905 932 2960 regern
953 2886 1047 2960 ipsum
1069 2885 1200 2959 cepisset,
1226 2883 1357 2958 protinus

305 2987 336 3042 ad
363 2998 460 3046 castra
488 2989 616 3046 hostium
645 2990 751 3046 ducere
777 2990 926 3058 debuisse;
955 3008 1008 3047 uec
1036 2990 1110 3046 enim
1142 3007 1294 3045 mansuros
1314 2989 1387 3044 ita3

307 3093 439 3163 pumlsos
461 3096 562 3152 hostes
583 3093 682 3164 fuisse,
704 3095 901 3170 debellarique
912 3105 1057 3153 momento
1069 3093 1207 3167 temporis
1220 3092 1355 3166 potuisse.

308 3194 336 3252 Id
353 3198 427 3257 dictu
451 3217 540 3273 quam
562 3217 604 3266 re,
626 3208 658 3254 ut
667 3199 817 3274 pleraque,
838 3199 953 3259 facilius
975 3210 1046 3256 erat
1089 3199 1167 3255 Nam
1183 3198 1208 3253 si
1223 3196 1356 3252 omnibus
1372 3201 1399 3252 t.

308 3301 419 3374 peditum
452 3322 572 3378 quoque
594 3304 686 3378 copiis
715 3323 888 3379 congressus
917 3324 969 3362 rex
991 3304 1102 3372 fuisset,
1133 3300 1255 3357 forsitan
1283 3300 1357 3355 inter

309 3408 455 3478 tumultum,
477 3427 568 3482 quum
590 3428 690 3466 omues
712 3409 781 3465 victi
802 3421 938 3483 metuque
959 3408 1082 3483 perculsi
1104 3426 1140 3462 ex
1161 3404 1263 3479 proelio
1282 3403 1358 3459 intra

310 3510 399 3570 vellum
418 3514 553 3588 protinus
575 3514 642 3570 inde
667 3515 906 3590 supervadentem
931 3514 1108 3571 munimenta
1138 3509 1276 3565 victorem
1301 3508 1357 3562 ho-

310 3628 366 3674 stem
394 3618 539 3694 fugerent,
568 3619 636 3675 exui
657 3620 759 3676 castris
780 3620 907 3694 potuerit
932 3637 1001 3686 rex3
1028 3634 1116 3690 quum
1148 3633 1219 3670 vero
1240 3613 1389 3685 integrae5

311 3722 383 3795 opis
410 3724 542 3800 peditum
573 3724 604 3780 in
640 3725 743 3782 castris
772 3725 961 3791 mansissent,
991 3714 1131 3776 stationes
1161 3730 1229 3774 ente
1257 3726 1357 3790 portas

312 3828 483 3904 umidisque
512 3827 655 3902 disposita
684 3839 796 3898 esseut,
823 3829 902 3902 quid,
931 3828 986 3883 uisi
1006 3837 1037 3882 ut
1058 3824 1248 3881 temeritatem
1271 3820 1358 3890 regis,

314 3927 384 3989 effuse
402 3934 493 4009 paulo
505 3942 575 3989 aute
590 3934 681 3990 secuti
695 3934 844 4007 perculsos
855 3934 976 4008 equites,
988 3930 1156 3998 imitaretur,
1169 3920 1357 4001 profecisset?

316 4032 398 4110 Neque
418 4039 494 4096 enim
518 4057 556 4094 ne
577 4039 655 4112 regis
678 4038 793 4112 quidem
816 4040 941 4112 primum
958 4034 1118 4101 consilium,
1140 4047 1198 4102 quo
1219 4026 1388 4096 impetum6

317 4136 560 4201 infrementatores
578 4143 695 4218 palatos
715 4162 768 4218 per
789 4161 877 4218 agros
897 4142 974 4209 fecit,
995 4130 1261 4212 reprehendendum
1273 4124 1358 4217 foret,

337 4250 386 4291 tirius
400 4269 422 4294 u
435 4268 473 4293 rer.
490 4256 590 4300 ludvigii.
619 4255 640 4290 V.
1143 4242 1157 4282 3
