3484 5025
582 504 661 555 mser
677 504 792 559 xxxn.
830 506 875 567 (Δ.
891 502 939 554 cn.
958 505 1028 567 ter.)
1253 510 1289 561 77

274 685 360 742 audiri
381 686 535 761 postulata
557 707 656 745 varum
679 706 751 744 esse.
800 688 895 745 Attali
922 688 998 763 regis
1020 688 1133 763 legatus
1155 708 1245 746 naves
1267 691 1370 766 cap-5

275 791 411 865 deosque,
437 809 504 865 quae
525 792 563 849 ad
585 790 689 849 Chium
711 791 809 850 navali
831 793 934 867 proelio
956 804 1043 869 capta
1065 805 1175 863 essent,
1197 804 1226 851 et
1248 796 1334 853 Nice·

275 895 402 970 phorium
434 895 618 971 Venerisque
645 898 799 971 templum,
829 917 893 973 quae
923 899 1077 974 spoliasset
1108 910 1335 975 evastassetque,

275 1018 323 1075 pro
343 1001 522 1076 incorruptis
544 1002 668 1072 restitui3
695 1002 803 1060 Rhodii
824 1004 956 1060 Peroeam
980 1003 1073 1078 (regio
1096 1014 1139 1060 est
1163 1004 1369 1062 coutinentisb

277 1106 409 1162 adversus
431 1106 567 1175 insulam,
589 1116 710 1164 vetusta
731 1126 830 1164 eorum
848 1108 981 1179 dicionis)
1005 1110 1183 1183 repetebant,
1206 1111 1334 1185 postula·

278 1212 398 1284 hautque
418 1206 681 1285 praesidiadeduci
707 1213 744 1269 ab
765 1213 835 1269 Iaso
858 1222 887 1269 et
911 1232 929 1270 a
951 1214 1097 1289 Bargyliis
1122 1223 1151 1271 et
1173 1216 1334 1271 Euromen-

278 1314 342 1372 sium
364 1318 438 1373 urbe
459 1326 489 1372 et
508 1317 539 1372 iu
553 1317 745 1392 Hellesponto
761 1316 846 1373 Sesto
868 1329 957 1391 atque
978 1318 1096 1393 Abydo,
1119 1328 1148 1375 et
1164 1320 1364 1376 Perinthum?

280 1420 420 1495 Byzantiis
442 1421 473 1477 in
494 1421 607 1496 antiqui
628 1420 782 1478 formulam
804 1421 876 1478 iuris
897 1421 1018 1492 restitui,
1044 1431 1073 1479 et
1095 1423 1213 1480 liberari
1237 1424 1334 1480 omnia

282 1526 351 1582 dau
371 1527 505 1600 emporia
531 1537 700 1602 portusque.
748 1526 851 1583 Achaei
873 1524 1044 1584 Corinthum
1078 1537 1106 1585 et
1127 1532 1227 1604 Argos
1248 1529 1362 1605 repe-8

282 1632 379 1690 tabant.
425 1632 541 1689 Praetor
561 1631 730 1690 AEtolorum
757 1632 901 1688 Phaeneas
933 1652 1021 1707 quum
1052 1635 1153 1691 eadem
1176 1635 1246 1704 fere,
1269 1653 1333 1709 quae

284 1736 409 1806 Romani,
437 1745 470 1792 ut
492 1737 609 1795 Graecia
635 1737 837 1804 decederetur,
866 1738 1056 1810 postulasset,
1088 1740 1334 1814 redderenturque

285 1840 380 1897 AEtelis
400 1842 501 1923 urbes,
531 1860 596 1915 quae
618 1840 765 1915 quondam
787 1840 857 1897 iuris
880 1858 914 1897 ac
936 1842 1057 1901 dicionis
1080 1864 1179 1903 eorum
1203 1843 1333 1914 fuissent,

288 1947 382 2020 excepit
403 1948 565 2004 orationem
589 1948 651 2005 eius
672 1946 806 2022 princeps
827 1946 997 2004 AEtolorum
1020 1949 1205 2020 Alexander,
1234 1950 1279 2006 vir
1301 1956 1364 2016 ute

289 2049 347 2107 iuter
364 2052 483 2110 AEtolos
502 2052 654 2111 fecundus.
700 2051 765 2107 Iam
790 2050 898 2107 dudum
920 2069 952 2108 se
972 2053 1093 2111 reticere
1115 2055 1165 2125 ait,
1193 2073 1251 2110 non
1274 2073 1332 2127 quo
1350 2063 1385 2116 10

291 2154 423 2229 quiequam
446 2157 495 2231 agi
524 2166 605 2231 putet
627 2176 662 2213 so
685 2155 844 2230 colloquio,
876 2157 927 2213 sed
955 2176 992 2213 ne
1014 2176 1100 2230 quem
1122 2159 1266 2217 sociorum
1288 2159 1332 2215 di·

293 2269 380 2317 etatem
407 2260 579 2335 interpellet.
627 2262 691 2318 Nec
718 2262 754 2317 de
781 2278 854 2336 paee
877 2279 941 2317 cum
972 2263 1029 2318 fide
1050 2264 1217 2339 Philippum
1245 2283 1332 2339 agere

220 2421 226 2432 ,
294 2380 331 2420 ute
347 2366 418 2422 bella
446 2384 518 2422 vera
540 2367 648 2423 virtute
677 2384 805 2440 unquam
833 2366 967 2440 gessisse.
1017 2368 1052 2423 In
1081 2368 1233 2441 colloquiis
1261 2368 1331 2425 insi·
1348 2376 1380 2429 ll

294 2466 347 2534 iisd
364 2479 391 2528 et
416 2479 550 2547 captare3
581 2471 612 2529 in
641 2471 717 2530 bello
744 2490 802 2528 non
831 2471 969 2546 congredi
998 2492 1081 2548 aequo
1112 2492 1215 2549 campo
1237 2492 1331 2549 neque

292 2573 359 2649 tignis
378 2577 492 2634 collatis
515 2576 663 2646 dimicare,
686 2576 737 2635 sed
761 2577 951 2652 refugientem
975 2578 1128 2636 incendere
1148 2598 1183 2635 ac
1206 2579 1332 2655 diripere

292 2679 356 2736 urbes
376 2691 405 2738 et
425 2681 601 2739 vincentium
624 2683 744 2757 praemia
764 2683 873 2739 victum
898 2702 1091 2758 corrumpere.
1135 2687 1178 2742 At
1198 2704 1257 2742 uon
1280 2704 1331 2743 eu·
1348 2689 1384 2745 12

293 2781 364 2856 liquos
377 2787 571 2845 Macedonum
593 2805 686 2862 reges,
709 2760 760 2845 sed
783 2789 845 2845 acie
867 2789 975 2845 bellare
989 2789 1100 2859 solitos,
1122 2788 1242 2846 urbibus
1263 2806 1330 2863 per·

265 2916 268 2923 ·
293 2901 345 2959 tere,
372 2900 511 2966 quantum
545 2905 680 2968 possent,
715 2912 773 2969 quo
795 2893 959 2968 opulentius
992 2895 1133 2951 baberent
1166 2895 1328 2970 imperium.

229 3013 233 3022 “
292 2991 363 3067 Neu,
393 2999 429 3056 de
462 3017 585 3073 quorum
607 2999 790 3074 possessione
812 2999 972 3069 dimicetur,
995 2998 1142 3055 tollentem
1175 2999 1246 3056 nihil
1275 2999 1380 3060 sibi13

220 3170 223 3175 Ι
292 3110 372 3171 preter
395 3095 695 3178 bellumfrelinquere,
718 3105 795 3178 quod
819 3103 969 3160 consilium
995 3101 1078 3159 esse?
1105 3102 1210 3160 Plures
1232 3103 1330 3179 priore
1347 3114 1382 3166 14

292 3221 346 3263 enno
365 3209 509 3267 sociorum
531 3209 618 3265 urbes
646 3208 676 3265 in
698 3208 854 3265 Thessalia
880 3217 1028 3265 evastasse
1049 3209 1217 3283 Philippum
1241 3229 1328 3283 quam

230 3331 235 3338 ·
292 3323 381 3382 onnes,
412 3313 463 3387 qui
492 3331 620 3387 unquam
647 3315 747 3370 hostes
768 3313 930 3371 Thessalia
956 3313 1072 3370 fuerint.
1114 3313 1191 3386 Ipsis
1214 3332 1330 3387 quoque
1346 3322 1381 3375 15

219 3478 223 3490 ⁵
290 3396 381 3472 brolia
404 3436 470 3474 eum
498 3418 583 3493 plura
610 3419 719 3476 socium
749 3439 836 3494 quam
859 3420 972 3475 hostem
996 3417 1148 3474 ademisse.
1196 3418 1329 3493 Lysima·

289 3515 361 3576 &aar
389 3521 474 3596 pulso
502 3533 626 3597 praetore
654 3534 684 3581 et
704 3525 839 3599 praesidio
869 3526 1038 3582 AEtolorum
1069 3540 1228 3598 occupasse
1249 3542 1331 3592 eum3

233 3638 248 3649 ··
288 3607 360 3694 Cium,
389 3626 459 3682 item
481 3645 541 3685 suae
563 3629 684 3687 dicionis
706 3630 817 3700 urbem,
839 3629 967 3686 funditus
989 3629 1127 3686 evertisse
1149 3646 1184 3684 ac
1205 3629 1329 3700 delesse;
1348 3635 1382 3689 16

287 3728 367 3788 adem
386 3730 491 3789 fraude
511 3735 620 3792 habere
632 3753 696 3792 eum
720 3736 839 3792 Thebas
854 3735 987 3804 Phthias,
1009 3735 1161 3804 Echinum,
1183 3735 1329 3806 Larisam,

285 3828 449 3897 Pharsalum.

219 3950 238 3964 ““
351 3941 448 4000 Motus
479 3945 611 4001 oratione
632 3945 795 4005 Alexandri
816 3947 971 4022 Philippus
992 3964 1113 4016 navem,
1146 3955 1177 4002 ut
1204 3947 1326 4003 exaudi·
1382 3940 1427 4010 34

286 4053 358 4114 retur,
377 4049 496 4123 propius
517 4058 624 4106 terram
648 4052 797 4126 applicuit.
844 4051 951 4110 Orsum
974 4069 1038 4107 eum
1062 4052 1166 4121 dicere,
1188 4052 1217 4107 iu
1239 4053 1359 4109 AEto-'Z

219 4161 226 4217 ζ
287 4143 321 4204 les
338 4153 475 4224 maxime,
499 4154 640 4212 violenter
661 4158 804 4215 Phaeneas
827 4157 989 4226 interfatus,
1021 4156 1129 4214 nonin
1150 4155 1246 4212 verbis
1268 4176 1328 4214 rem

222 4267 227 4319 ζ
288 4255 346 4315 leui
366 4258 418 4328 sit;
441 4268 491 4315 ant
512 4259 589 4316 bello
611 4260 783 4320 viucendum
806 4272 857 4318 aut
879 4262 1046 4319 melioribus
1075 4259 1234 4336 parendum
1258 4280 1330 4319 esse.
