3484 5025
578 507 658 558 Liber
669 506 771 573 XXXI.
806 508 855 571 (Δ.
869 506 917 560 ch.
930 513 1002 576 201.)
1265 514 1282 570 ³

252 687 326 743 fines
350 694 381 742 et
402 703 469 743 cum
483 689 631 763 lngauuis
652 690 809 764 Liguribus
830 689 925 751 lmdus
946 692 1012 763 icit,
1039 692 1124 765 nibil,
1153 692 1231 766 quod
1249 702 1326 750 esset

254 791 458 861 memorabile,
481 792 561 849 aliud
578 792 608 849 in
629 794 781 870 provincia
803 812 891 868 quum
913 796 1059 870 gessisset,
1083 797 1207 854 Romam
1229 796 1323 853 rediit.

340 894 440 968 Quum
462 896 588 971 primum
615 908 748 962 senatum
774 900 891 970 habuit,
926 899 1067 957 universis
1098 900 1322 974 postulantibus,
1396 891 1418 958 3

255 1017 291 1055 ue
314 1017 404 1073 quam
435 1000 517 1074 prius
538 1021 599 1058 rem
625 1021 712 1076 quam
736 1003 772 1059 de
794 1004 931 1078 Philippo
960 1022 995 1062 ac
1024 1004 1168 1062 sociorum
1199 1004 1322 1078 querelis

258 1111 369 1177 egeret,
390 1104 516 1161 relatum
536 1107 682 1182 extemplo
704 1117 761 1177 est;
783 1108 967 1182 decrevitque
988 1107 1124 1183 frequens
1143 1119 1270 1178 senatus,
1293 1108 1354 1166 ut2

260 1209 293 1265 P.
314 1208 417 1265 AElius
440 1210 558 1280 consul,
590 1230 676 1285 quem
706 1212 854 1270 videretur
877 1212 920 1279 ei,
952 1230 1016 1270 cum
1044 1213 1168 1287 imperio
1190 1214 1324 1286 mitteret,

261 1312 307 1384 qui
328 1312 425 1369 classe
447 1323 586 1390 accepta,
617 1334 704 1390 quam
733 1336 771 1374 ex
792 1316 892 1374 Sicilia
919 1314 973 1374 Cu.
997 1314 1137 1373 Octavius
1165 1317 1325 1389 reduceret,

259 1416 288 1471 iu
316 1417 525 1476 Macedoniam
554 1420 709 1478 traiiceret.
764 1422 807 1479 M.
836 1418 972 1476 Valerius
1000 1419 1135 1476 Laevinus
1164 1423 1354 1495 propraet0r3

261 1520 374 1591 missus,
395 1522 475 1579 circa
497 1522 642 1581 Vibonem
665 1524 957 1599 duodequadraginta
984 1524 1108 1580 navibus
1130 1525 1167 1581 ab
1188 1523 1241 1584 Cn.
1266 1523 1324 1582 Oc·

262 1626 337 1682 tario
358 1626 497 1701 acceptis,
518 1626 548 1684 iu
569 1627 774 1687 Macedoniam
796 1628 964 1688 transmisit.
1001 1629 1051 1686 Ad
1075 1646 1160 1701 quem
1183 1646 1271 1701 quum
1283 1629 1354 1690 MA

264 1728 397 1786 Aurelius
419 1729 533 1803 legatus
547 1732 674 1789 venisset
695 1734 916 1808 edocuissetque
931 1751 1005 1801 eum,
1030 1741 1156 1805 quantos
1171 1732 1325 1803 exercitus,

266 1842 400 1905 quantum
432 1834 551 1891 navium
581 1854 731 1895 numerum
760 1845 959 1913 comparasset
984 1856 1052 1908 rex,
1080 1836 1354 1910 quemadmodum5

267 1937 335 1994 eirca
370 1956 471 1994 omnes
498 1958 557 1995 nou
586 1940 758 2000 continentis
779 1944 866 2001 modo
890 1944 990 2012 urbes,
1011 1942 1063 1999 sed
1090 1941 1177 1998 etiam
1204 1941 1324 2009 insulas,

267 2040 364 2113 partim
384 2040 448 2115 ipse
470 2043 614 2114 adeundo,
635 2047 741 2119 partim
764 2067 817 2123 per
840 2047 965 2123 legatos,
986 2045 1112 2104 conciret
1132 2046 1264 2102 homiues
1286 2045 1324 2102 ad

269 2162 356 2216 arma,
386 2146 499 2205 maiore
527 2156 634 2207 conatu
655 2150 795 2208 Romanis
823 2151 853 2208 id
881 2151 1089 2227 capessendum
1118 2147 1222 2205 bellum
1250 2155 1355 2216 esse,6

270 2268 305 2319 ue,
325 2252 529 2335 cunctantibus
550 2252 595 2323 iis,
618 2254 737 2312 auderet
748 2255 912 2331 Philippus,
934 2253 1013 2327 quod
1024 2252 1155 2327 Pyrrhus
1168 2251 1249 2326 prius
1271 2269 1323 2307 au-

272 2371 308 2411 sus
329 2374 367 2412 ex
389 2355 541 2430 aliquanto
562 2358 674 2415 minore
694 2377 785 2433 regno
808 2368 901 2428 esset,
920 2359 982 2413 haec
1002 2356 1128 2414 scribere
1143 2355 1244 2411 eadem
1259 2358 1323 2412 Au·

271 2460 357 2519 relium
381 2461 549 2518 consulibus
571 2463 742 2538 senatuique
762 2463 880 2538 placuit.

220 2562 221 2566 ’
340 2567 432 2624 Exitu
454 2567 540 2623 huius
568 2567 637 2624 anni
662 2585 750 2640 quum
774 2569 810 2625 de
834 2567 914 2643 agris
943 2574 1073 2624 veterum
1102 2562 1224 2620 militurn
1249 2561 1324 2618 rela·
1399 2564 1421 2632 4

273 2676 320 2727 turn
342 2680 435 2741 esset,
466 2671 515 2745 qui
545 2672 633 2728 ductu
666 2682 753 2747 atque
783 2673 912 2747 auspicio
942 2673 977 2731 P.
1001 2667 1145 2744 Scipionis
1169 2665 1199 2720 in
1221 2663 1325 2722 Africa

274 2773 364 2834 bellurn
386 2775 586 2851 perfecissent,
609 2777 799 2835 decreverunt
819 2786 934 2852 patres,
965 2783 998 2832 ut
1026 2775 1068 2832 M.
1096 2771 1197 2830 Iunius
1218 2780 1355 2843 praetor2

274 2881 402 2950 ubuum,
431 2881 457 2937 si
477 2880 505 2936 ei
526 2880 687 2951 videretur,
716 2881 895 2939 decemviros
918 2898 990 2955 agro
1012 2875 1137 2938 Samniti
1157 2874 1325 2949 Apuloque,

275 2985 339 3055 quod
359 2985 421 3042 eius
444 2984 590 3058 publicum
624 2985 726 3061 populi
747 2986 874 3043 Romani
905 2993 995 3053 esset,
1027 2981 1171 3039 metiendo
1195 2979 1324 3035 dividen-

276 3087 356 3162 doque
380 3097 503 3146 crearet.
552 3087 653 3146 Creati
674 3092 710 3153 P.
733 3090 888 3160 Servilius,
910 3087 947 3160 Q.
969 3084 1101 3144 Caecilius
1123 3083 1267 3153 Metellus,
1290 3081 1355 3146 O.3

277 3200 296 3246 et
313 3193 351 3253 M.
382 3191 500 3253 Servilii
527 3190 673 3268 (Geminis
703 3195 846 3259 ambobus
875 3207 1036 3267 cognomen
1057 3186 1150 3263 erat),
1176 3188 1214 3247 L.
1235 3195 1264 3243 et
1283 3187 1325 3246 A.

276 3293 379 3354 Hostilii
401 3295 539 3367 Catones,
561 3299 596 3354 P.
619 3297 726 3354 Villius
742 3298 904 3374 Tappulus,
926 3297 968 3352 M.
990 3292 1112 3350 Fulvius
1133 3291 1267 3361 Flaccus,
1287 3293 1323 3351 P.

278 3398 358 3458 llllius
379 3403 491 3470 Paetus,
510 3403 549 3463 T.
574 3402 725 3475 Quinctius
747 3401 938 3460 Flamininus.

344 3506 405 3562 Per
437 3525 487 3562 eos
515 3506 577 3562 dies
605 3508 642 3566 P.
668 3505 751 3564 AElio
780 3505 898 3562 consule
924 3501 1043 3560 comitia
1065 3499 1206 3568 habente,
1236 3497 1358 3560 creati4

280 3608 394 3666 murales
415 3609 453 3664 P.
476 3608 621 3684 Sulpicius
643 3609 759 3679 Galba,
794 3606 828 3666 (l.
857 3606 996 3665 Aurelius
1025 3602 1122 3662 Cotta.
1179 3603 1326 3658 Praetores

281 3710 367 3768 exinde
391 3711 462 3768 facti
484 3713 522 3785 Q.
538 3713 682 3769 Minucius
703 3710 807 3780 Rufus,
830 3713 866 3771 L.
889 3710 995 3768 Furius
1018 3706 1172 3781 Purpurio,
1195 3706 1231 3779 Q.
1252 3706 1324 3763 Ful-

282 3812 332 3869 vius
359 3815 454 3887 Gillo,
484 3815 517 3874 C.
548 3817 668 3891 Sergius
704 3816 836 3874 Plautus.
897 3815 972 3871 Ludi
1003 3811 1130 3871 Romani
1153 3811 1258 3867 scenici
1290 3821 1355 3873 e05

284 3932 343 3974 auno
373 3921 526 3994 magnifice
559 3930 758 3996 apparateque
786 3918 858 3978 facti
891 3919 929 3975 ab
958 3916 1088 3975 aedilibus
1120 3915 1265 3972 curulibus
1289 3916 1324 3972 L.

285 4014 385 4079 Valerio
406 4024 515 4082 Flacco
538 4034 566 4082 et
587 4026 625 4082 -Τ,
642 4023 777 4097 Quinctio
799 4022 978 4093 Flaminium
1002 4022 1120 4079 biduum
1134 4019 1325 4077 instauratum

287 4132 331 4192 θη
361 4127 553 4201 frumentique
588 4126 646 4184 vim
677 4126 837 4203 ingentem,
870 4128 949 4200 quod
981 4145 1018 4183 ex
1040 4125 1145 4184 Africa
1168 4124 1204 4182 P.
1228 4123 1357 4197 Scipioss

289 4225 394 4301 miserat,
428 4231 578 4306 quaternis
600 4231 665 4289 aeris
687 4231 795 4308 populo
817 4249 882 4289 cum
904 4248 1017 4287 summa
1038 4230 1096 4286 fide
1117 4235 1146 4285 et
1166 4227 1262 4302 gratia
1283 4227 1327 4284 di·

1130 4325 1158 4380 1⁰
