3484 5025
609 522 687 571 Liber
703 522 818 575 XXIIII.
855 523 899 582 (A.
913 522 961 574 Ob.
979 525 1049 588 197.)
1278 531 1315 585 75

291 704 376 777 pitem
405 703 544 762 iniectum
574 716 708 763 auctores
730 715 810 776 sunt,
838 724 971 781 caesaque
1001 709 1030 763 in
1058 708 1153 765 medio
1182 708 1309 782 quinque
1330 718 1359 764 et

293 808 410 883 triginta
432 810 526 867 millia
546 812 683 882 bostium,
708 813 835 887 quinque
859 812 950 869 millia
973 822 1002 869 et
1023 812 1162 870 ducentos
1184 814 1268 870 vivos
1289 830 1358 887 cap·

292 922 344 983 tos,
366 915 398 972 in
419 916 457 972 iis
472 914 682 986 Hamilcarem,
699 918 857 973 Poenorum
879 918 1093 991 imperatorem,
1117 918 1166 992 qui
1181 918 1247 975 belli
1269 936 1359 976 eausa
1377 916 1410 972 12

294 1018 407 1089 fuisset3
436 1021 524 1096 signa
546 1021 683 1077 militaria
703 1030 816 1078 centum
839 1022 959 1096 triginta
979 1034 1008 1080 et
1027 1033 1167 1098 carpenta
1189 1042 1279 1099 supra
1305 1024 1357 1081 du·

295 1119 398 1181 cauta,
436 1123 557 1201 Oppida
578 1126 749 1196 Gallorum,
776 1146 840 1201 quae
862 1128 1017 1185 Insubrum
1043 1127 1233 1186 defectionem
1259 1138 1358 1186 secuta
1376 1129 1410 1185 13

296 1237 383 1299 mant,
405 1229 581 1288 dediderunt
603 1250 635 1289 se
657 1232 808 1289 Romanis.

374 1334 522 1394 Minucius
538 1338 638 1394 consul
660 1338 754 1413 primo
770 1336 869 1395 effusis
890 1338 1127 1414 populationibus
1149 1348 1359 1415 peragraverat
1412 1334 1451 1401 31

299 1439 363 1495 brea
384 1440 544 1512 Boiorum,
573 1443 686 1514 deinde,
716 1453 756 1514 ut,
777 1444 884 1502 relictis
908 1445 1089 1514 Insubribus,
1113 1443 1150 1500 ad
1175 1462 1229 1501 sua
1250 1445 1358 1501 tuende

300 1557 461 1619 receperant
482 1565 560 1618 sese,
588 1549 691 1606 castris
713 1568 744 1607 se
766 1550 866 1618 tenuit,
888 1551 951 1607 acie
972 1550 1166 1607 dimicandum
1189 1569 1253 1607 curn
1275 1551 1358 1607 hoste

251 1683 254 1714 :
301 1658 386 1720 ratns;
406 1670 460 1709 nec
474 1653 543 1710 Boii
558 1654 766 1713 detrectassent
780 1673 918 1730 pugnam,
940 1655 969 1712 ni
990 1654 1080 1724 fama,
1103 1655 1241 1712 Insubres
1256 1655 1387 1723 victos,2

305 1756 384 1813 allata
403 1758 518 1815 animos
539 1758 683 1833 fregisset.
732 1761 838 1835 Itaque
859 1761 960 1819 relicto
982 1761 1055 1818 duce
1077 1760 1253 1835 castrisque,
1274 1761 1357 1818 dissi-

306 1861 357 1935 pati
377 1881 429 1937 per
449 1863 540 1931 vicos,
569 1881 624 1920 sua
645 1865 768 1939 quisque
789 1875 821 1923 ut
842 1866 1044 1934 defenderent,
1075 1865 1216 1921 rationem
1240 1865 1358 1939 gerendi

296 1945 364 2023 'tolli
381 1968 457 2025 boeti
490 1978 646 2027 mutarunt.
694 1969 813 2029 Omissa
845 1971 920 2028 enim
955 1991 1007 2046 spe
1038 1990 1090 2045 per
1118 1989 1203 2027 unam
1239 1970 1388 2027 dimica-3

311 2070 400 2129 ionem
421 2074 464 2131 rei
486 2074 686 2147 decernenda,
716 2095 816 2134 rursus
837 2077 971 2152 populari
1000 2095 1087 2151 agros
1118 2085 1146 2131 et
1169 2093 1251 2131 urere
1281 2082 1358 2131 tecta

280 2179 283 2184 '
313 2175 430 2252 imoque
453 2191 622 2255 expugnare
650 2182 746 2256 empit.
793 2184 853 2239 Per
880 2182 995 2239 eosdem
1026 2182 1088 2238 dies
1110 2178 1282 2238 Clastidium
1313 2179 1387 2235 int

316 2298 419 2343 amum.
468 2285 542 2340 Inde
563 2286 592 2341 in
614 2287 782 2365 Ligustinos
804 2288 929 2357 Ilvates,
958 2288 1007 2362 qui
1035 2288 1089 2343 soli
1118 2302 1177 2341 non
1205 2284 1357 2358 parebant,
1419 2285 1427 2308 ‘

317 2384 421 2460 legiones
453 2389 557 2447 ductae.
610 2392 658 2449 Ea
686 2411 802 2468 quoque
832 2411 913 2467 gens,
947 2402 978 2449 ut
1005 2393 1143 2449 Insubres
1165 2389 1228 2445 acie
1256 2388 1387 2458 victos,5

319 2490 385 2551 Boios
405 2496 456 2566 ita,
480 2504 646 2555 attentare
673 2517 753 2572 spem
782 2497 946 2556 certaminis
980 2517 1039 2555 non
1065 2496 1213 2558 auderent,
1240 2492 1355 2550 territos

319 2599 419 2672 adivit,
444 2601 475 2656 in
497 2601 640 2659 dicionem
670 2603 757 2663 venit.
812 2605 930 2661 Littera
959 2604 1109 2661 consulum
1140 2601 1291 2658 amborum
1320 2599 1386 2658 de6

251 2730 252 2735 ¹
318 2703 381 2760 rebus
413 2705 443 2762 iu
476 2704 577 2763 Gallia
612 2707 701 2781 gestis
741 2727 832 2784 prope
874 2711 928 2767 sub
966 2710 1043 2766 idem
1084 2717 1198 2781 tempus
1230 2706 1355 2761 Romam

319 2807 397 2869 date.
450 2812 494 2868 Μ.
524 2811 642 2886 Sergius
672 2822 779 2888 prator
806 2815 933 2871 urbanus
964 2816 993 2872 in
1025 2823 1127 2871 senatu
1156 2828 1222 2880 aaa,
1253 2809 1356 2865 deinde
1452 2860 1456 2866 ,

260 2923 265 2932 ’
318 2927 343 2968 tx
366 2916 534 2973 auctoritate
565 2925 680 2991 patrum
714 2919 751 2974 ad
781 2920 919 2993 populum
942 2920 1098 2988 recitavit3.
1120 2914 1293 2989 supplicatio
1325 2913 1354 2969 iu

251 3029 259 3070 ,·
316 3021 481 3088 quatriduum
508 3022 636 3081 decreta.
682 3023 785 3080 Hiems
807 3024 864 3081 iam
888 3044 923 3081 eo
946 3033 1076 3099 tempore
1098 3031 1176 3089 erat,
1208 3029 1237 3076 et
1266 3038 1354 3094 quum
1406 3020 1452 3090 32

250 3134 252 3141 ⁴
315 3117 340 3176 T·
367 3125 518 3198 Quinctius
544 3137 632 3202 capta
666 3127 772 3185 Elatea
796 3131 824 3186 in
856 3130 986 3188 Phocide
1016 3148 1050 3186 ac
1077 3129 1202 3186 Locride
1234 3129 1355 3186 hiberna

256 3236 261 3245 ‘
313 3224 434 3309 disposita
469 3232 604 3303 haberet,
644 3233 761 3308 Opunte
800 3236 903 3292 seditio
937 3243 1003 3290 orta
1041 3242 1093 3293 est.
1160 3234 1263 3291 Fectio
1297 3241 1384 3294 unat

311 3331 425 3406 AElolos,
462 3337 512 3410 qui
547 3338 699 3413 propiores
731 3350 827 3407 erant,
867 3341 960 3396 altera
992 3341 1142 3396 Romanos
1175 3339 1353 3395 accersebat.

308 3437 388 3497 AEtoli
408 3441 519 3516 priores
540 3452 695 3511 venerunt3
716 3445 767 3500 sed
789 3444 953 3518 opulentior
974 3443 1077 3512 factio,
1100 3443 1224 3500 exclusis
1245 3443 1385 3500 AEtolis3

309 3545 439 3621 nasoque
460 3547 498 3603 ad
519 3547 726 3622 imperatorem
748 3551 913 3606 Romanum
934 3550 1049 3617 nuntio,
1076 3548 1218 3622 usquein
1246 3548 1354 3604 adven-

268 3650 357 3710 'dum
387 3652 447 3709 eius
475 3653 566 3713 tenuit
596 3654 706 3710 urbem.
754 3654 862 3709 Arcem
893 3654 1004 3729 regium
1034 3655 1151 3712 tenebat
1180 3653 1385 3729 praesidium,l

250 3753 269 3826 f
308 3768 397 3830 neque,
419 3766 451 3816 ut
472 3759 644 3842 decederent
664 3757 740 3827 inde,
762 3769 812 3814 aut
833 3758 1028 3834 Opuntiorum
1052 3761 1135 3818 minis
1157 3769 1208 3816 aut
1230 3758 1354 3816 auctori·

261 3856 265 3867 ’
308 3865 358 3916 ate
375 3854 556 3938 imperatoris
583 3863 710 3922 Romani
738 3863 858 3938 perpelli
885 3874 1049 3939 potuerunt.
1100 3867 1195 3935 Mora,
1226 3883 1276 3921 eur
1297 3864 1387 3920 nonb

310 3969 438 4043 exemplo
467 3981 719 4046 oppugnarentur,
742 3988 778 4026 ea
805 3968 876 4037 fuit,
910 3971 988 4043 quod
1017 3969 1192 4027 caduceator
1221 3971 1258 4026 ab
1287 3987 1355 4044 rege

250 4070 264 4126 i
312 4085 414 4130 venerat
433 4074 527 4130 locum
550 4093 585 4132 ac
607 4083 720 4148 tempus
747 4058 848 4150 petens
873 4074 1026 4148 colloquio.
1080 4076 1116 4132 Id
1143 4085 1265 4150 gravate
1293 4073 1388 4149 regib

312 4189 460 4236 concessum
492 4188 550 4249 est,
582 4198 641 4236 non
670 4179 739 4253 quin
771 4189 889 4255 cuperet
921 4180 1072 4253 Quinctius
1104 4200 1157 4255 per
1186 4199 1217 4237 se
1249 4181 1353 4255 partim

314 4280 394 4352 amis,
415 4285 520 4358 partim
550 4283 768 4342 condicionibus
792 4284 954 4342 conlectum
976 4286 1070 4343 videri
1092 4286 1211 4356 bellum3
1232 4286 1387 4344 necdum'l
