3484 5025
474 513 513 568 50
734 508 814 560 niter
830 507 946 561 mn.
987 510 1071 575 (aa.
1086 525 1109 565 ο.
1123 508 1195 573 aas.)

401 692 537 769 2pergit.
587 693 723 767 Quinque
743 692 834 750 miliia
855 692 947 750 ferme
969 696 1006 751 ab
1028 693 1115 769 regiis
1137 694 1240 752 castris
1263 711 1353 768 quum
1375 694 1490 764 abesset,
1528 761 1530 766 ι

432 797 499 855 loeo
521 798 632 856 munito
653 787 958 874 relictis'legionibus,
986 798 1050 874 ipse
1071 817 1136 856 cum
1161 798 1304 874 expeditis
1326 814 1489 875 progressus
1528 821 1530 858 ÷

401 904 470 962 sad
492 904 670 979 speculanda
691 905 766 975 loca,
789 912 908 981 postero
935 904 982 961 die
1008 904 1159 961 consilium
1180 887 1298 976 habuit,
1327 913 1425 961 utrum
1445 921 1490 981 per
1528 896 1530 910 '

431 1008 573 1066 insessum
597 1011 635 1066 ab
657 1011 740 1066 hoste
762 1009 878 1078 saltum,
907 1026 1074 1083 quanquam
1096 1009 1181 1068 labor
1200 1010 1303 1086 ingens
1325 1009 1489 1085 periculum·

432 1131 488 1187 que
509 1122 735 1189 proponeretur,
769 1112 920 1170 transitum
951 1121 1076 1172 tentaret
1106 1132 1144 1171 an
1170 1116 1272 1173 eodem
1293 1116 1413 1185 itinere,
1435 1098 1489 1189 'quo

431 1218 529 1294 priore
559 1237 636 1275 anno
658 1217 803 1293 Sulpicius
832 1218 1037 1276 Macedoniam
1065 1220 1241 1290 intraverat,
1271 1220 1490 1278 circumduceret

401 1324 543 1397 4copias.
599 1324 666 1381 Hoc
697 1323 845 1381 eonsilium
874 1342 928 1398 per
953 1324 1059 1381 multos
1086 1324 1148 1381 dies
1176 1324 1298 1400 agitanti
1326 1324 1353 1381 ei
1384 1324 1488 1383 nuntius

432 1429 521 1498 venit,
544 1430 581 1489 T.
606 1428 771 1501 Quinctium
794 1429 940 1486 consulem
969 1427 1077 1486 factum
1105 1429 1296 1504 sortitumque
1318 1428 1488 1505 provinciam

403 1533 636 1594 5Maoedoniam
658 1542 804 1591 maturato
830 1535 932 1592 itinere
960 1535 1018 1591 iam
1049 1530 1208 1611 Corcyram
1234 1534 1394 1593 traiecisse.
1435 1535 1487 1593 Va·

431 1638 520 1696 lerius
543 1638 649 1695 Antias
669 1630 794 1698 intrasse
814 1640 920 1697 saltum
942 1639 1062 1696 Villium
1085 1641 1182 1711 tradit,
1205 1640 1281 1714 qnia‘
1295 1649 1377 1699 recto
1398 1641 1489 1699 itinere

432 1744 749 1819 nequiverit,omnibus
770 1746 808 1801 ab
823 1721 892 1819 rege
912 1721 1039 1815 insessis,
1061 1756 1189 1803 secutum
1205 1745 1321 1814 vallem,
1336 1749 1391 1821 p'er
1411 1763 1487 1820 quau

403 1850 559 1909 limodiam
582 1849 674 1908 fertur
696 1853 780 1908 Aous
802 1850 910 1919 amnis;
940 1858 1028 1924 ponte
1049 1850 1154 1926 raptim
1177 1850 1256 1909 facto
1278 1851 1309 1907 in
1333 1850 1487 1926 ripam,in

434 1951 493 2030 qua
515 1965 598 2013 erant
621 1963 719 2013 castra
738 1954 835 2029 regia,
862 1964 1073 2031 transgressum
1102 1957 1164 2013 acie
1192 1956 1374 2028 conflixisse3
1402 1954 1486 2014 fuson

404 2060 625 2136 liugutumque
645 2077 761 2135 regem,
782 2060 886 2117 castris
908 2070 1040 2131 exutum;
1073 2061 1224 2120 duodecim
1256 2061 1348 2119 millia
1372 2060 1485 2120 hosdan

434 2184 470 2223 eo
491 2165 595 2242 proelio
617 2185 707 2236 caesa,
738 2174 825 2241 capta
849 2167 908 2223 duo
930 2166 1020 2224 millia
1042 2176 1070 2224 et
1091 2166 1232 2224 ducentos
1259 2178 1288 2225 et
1316 2168 1401 2244 sigua
1422 2166 1486 2226 mus
1521 2147 1530 2166 ⁸

433 2270 510 2328 taria
541 2279 656 2327 centum
689 2270 809 2347 triginta
838 2273 911 2344 duo,
947 2291 1037 2347 equos
1073 2273 1211 2329 ducentos
1239 2272 1373 2347 triginta3
1407 2273 1485 2331 eden

434 2375 521 2434 etiam
544 2376 610 2434 Iovi
631 2376 661 2433 in
683 2395 717 2433 eo
740 2376 842 2452 proelio
863 2386 978 2449 votam,
1008 2378 1033 2434 si
1061 2395 1108 2434 res
1138 2394 1278 2452 prospere
1305 2385 1391 2454 geste
1414 2384 1486 2437 esset

403 2480 532 2545 SCeteri
552 2481 650 2542 Graeoi
665 2483 818 2558 Latinique
840 2492 982 2554 auctores,
1005 2501 1126 2559 quorum
1150 2483 1265 2559 quidem
1290 2500 1346 2560 ego
1367 2483 1425 2560 legi
1443 2501 1486 2542 au·

433 2589 524 2659 noles,
553 2588 625 2645 nihil
645 2589 834 2646 memorabile
855 2608 875 2647 a
895 2590 986 2648 Villio
1018 2600 1130 2661 actum,
1161 2591 1363 2666 integrumque
1390 2589 1485 2648 bellun
1526 2636 1530 2667 :

432 2695 630 2768 insequentem
652 2695 799 2775 consulem
820 2696 857 2755 T.
881 2693 1044 2768 Quinctium
1068 2695 1215 2771 accepisse
1235 2694 1363 2752 tradunt.
1398 2689 1404 2693 ’
1442 2696 1444 2701 ’

338 2797 360 2866 'l
517 2801 596 2858 Dum
619 2803 680 2857 haec
700 2801 730 2857 in
753 2801 927 2858 Macedonia
947 2812 1100 2877 geruntur,
1134 2802 1234 2858 consul
1263 2801 1337 2858 alter
1363 2801 1399 2863 1..
1420 2789 1485 2858 Len·

433 2906 525 2976 tulus,
555 2907 606 2981 qui
626 2908 728 2964 Romae
749 2907 927 2977 substiterat,
957 2907 1075 2965 comitia
1095 2907 1263 2965 censoribus
1284 2882 1418 2964 creandis
1442 2906 1485 2963 lra-

402 3013 504 3073 teuit.
547 3013 649 3069 Multis
670 3012 756 3070 claris
779 3013 942 3088 petentibus
968 3014 1057 3081 viris,
1088 3012 1177 3070 creati
1208 3030 1343 3070 censores
1364 3014 1400 3071 P.
1422 3009 1485 3072 cor

402 3117 524 3178 dneliu's
555 3117 653 3193 Scipio
675 3118 833 3177 Africanus
855 3127 884 3174 et
905 3119 940 3176 P.
962 3119 1060 3175 AElius
1081 3120 1187 3176 Paetus.
1236 3118 1267 3175 li*
1291 3097 1402 3194 magna
1423 3117 1487 3175 inter

431 3212 463 3280 se
484 3224 640 3280 eoncordia
659 3209 689 3281 et
710 3232 841 3281 senatum
856 3223 918 3280 sine
932 3223 1017 3280 ullius
1038 3233 1108 3281 nota
1124 3224 1265 3298 legerunt,
1284 3232 1313 3280 et
1336 3215 1486 3300 [portem]

430 3329 604 3386 venalicium
626 3327 735 3404 Oapuae
750 3328 953 3401 Puteolisque,
985 3327 1054 3384 item
1075 3336 1199 3385 castrum
1234 3327 1412 3403 portorium,
1438 3342 1487 3402 quo

430 3435 547 3492 in'loco
570 3453 645 3492 nnnc
667 3433 805 3508 oppidum
828 3442 881 3502 est,
905 3431 1058 3490 fruendum
1079 3432 1229 3502 locarunt,
1260 3433 1439 3508 colonosque
1458 3447 1487 3487 eo

431 3549 575 3599 trecentos
598 3540 635 3616 (is
660 3539 735 3596 enim
759 3556 895 3595 numerus
917 3537 1013 3594 finitus
1038 3537 1199 3594 absentatu
1229 3537 1304 3609 erat)
1335 3536 1487 3614 adscripse·

400 3650 516 3715 drunt,
546 3631 574 3702 et
599 3646 653 3702 sub
675 3627 795 3700 Tifatis
806 3640 916 3717 Capuae
946 3659 1048 3716 agrum
1077 3642 1276 3703 vendiderunt.
1331 3641 1394 3702 Sub
1420 3642 1487 3699 iden

431 3761 545 3826 tempus
567 3752 602 3808 L.
625 3748 753 3807 Manlius
775 3747 918 3804 Acidinus
940 3765 977 3804 ex
992 3745 1138 3822 Hispania
1160 3746 1311 3815 decedens,
1333 3746 1488 3822 prohibitus

431 3876 450 3915 a
473 3858 509 3914 P.
533 3841 640 3915 Porcio
662 3854 751 3911 Laecs
771 3853 887 3910 tribuno
909 3852 1010 3928 plebis,
1034 3869 1079 3908 ne*
1092 3869 1185 3908 ovans
1206 3851 1323 3922 rediret,
1339 3848 1488 3927 'quum'ai

430 3971 532 4019 senatu
559 3962 758 4037 impetrasset,
787 3959 919 4034 privatus
946 3959 1048 4014 urbem
1076 3955 1239 4030 ingrediens
1270 3957 1349 4014 mille
1373 3957 1490 4017 ducents

342 4046 344 4053 Ι
429 4070 528 4144 pondo
552 4067 675 4143 argenti,
699 4065 818 4141 triginta
839 4065 938 4139 pondo
960 4062 1052 4121 ferme
1074 4061 1137 4120 aori
1158 4062 1188 4119 in
1210 4063 1346 4120 aerarium
1369 4060 1444 4121 tulit.

311 4176 313 4182 '
398 4176 418 4233 ὅ
513 4172 625 4229 Eodem
649 4191 725 4230 anno
748 4169 802 4229 Cn.
826 4170 943 4227 Baebius
965 4168 1148 4244 Tamphilus,
1170 4168 1221 4244 qui
1246 4170 1283 4227 ab
1306 4165 1342 4228 (l.
1365 4166 1488 4237 Aurelio,

429 4277 548 4336 consule
570 4277 638 4335 anni
659 4276 774 4353 prioris,
796 4275 976 4352 provinciam
993 4273 1122 4334 Galliam
1145 4251 1309 4351 acceperet,
1331 4280 1438 4332 temere
1450 4271 1486 4329 in·
