3484 5025
444 508 499 564 172
563 557 565 561 .
695 504 775 555 Liber
789 502 917 553 XXXIX.
952 501 998 566 (Δ.
1008 517 1035 557 n.
1049 517 1072 556 o.
1085 504 1161 567 568.)

397 689 546 765 peribant,
572 696 745 763 cogerentur
770 663 911 763 praetores
932 688 970 746 Τ.
992 685 1117 745 Maenius
1142 696 1173 752 et
1193 687 1238 745 M.
1261 686 1378 764 Licinius
1390 693 1430 763 'per

396 803 527 850 senatum
551 810 598 850 res
619 793 648 850 in
671 793 746 850 diem
774 793 950 852 tricesimum
972 790 1104 863 differre,
1135 793 1233 851 donec
1252 791 1431 867 quaestionati

364 899 562 957 2consulibus
592 900 804 975 perficerentur.
856 899 972 956 Eadem
1000 895 1145 970 soliludo,
1174 898 1248 973 quia
1277 899 1372 956 Reum
1393 916 1432 954 not

395 1004 611 1079 respondebant
631 1022 685 1061 nec
705 1004 935 1075 inveniebantur,
965 1022 1088 1079 quorum
1110 1004 1236 1062 nomina
1256 1004 1351 1062 delata
1368 1013 1433 1074 aaut,

395 1109 491 1184 coegit
511 1109 644 1167 consules
668 1110 747 1171 circa
770 1108 837 1167 fora
862 1110 1008 1185 proficisci
1033 1110 1134 1185 ibique
1155 1128 1287 1185 quaerere
1310 1120 1339 1168 et
1355 1109 1433 1168 indicit

362 1216 540 1272 dexercere.
594 1216 652 1289 Qui
680 1223 792 1272 tantum
824 1214 929 1272 initiati
961 1224 1044 1274 eraut
1081 1225 1111 1274 et
1141 1236 1180 1274 ex
1214 1216 1341 1274 carmine
1365 1232 1434 1283 saue,

394 1330 540 1396 praeunte
561 1322 652 1378 verba
672 1320 834 1390 sacerdote,
855 1321 1038 1395 precationes
1059 1319 1206 1391 fecerant,
1237 1320 1269 1378 in
1290 1321 1386 1395 quibus
1401 1337 1433 1375 ue·

393 1424 483 1482 fanda
513 1426 675 1483 coniuratio
705 1427 735 1486 in
764 1445 850 1484 omne
879 1424 992 1484 facinus
1022 1444 1056 1484 ac
1077 1425 1231 1484 libidinem
1254 1425 1433 1492 continebam,

394 1550 446 1588 nec
468 1551 568 1589 earum
590 1550 686 1589 rerum
710 1532 814 1601 ullam,
842 1532 872 1587 iu
900 1550 973 1605 quas
994 1531 1203 1589 iureiurando
1230 1530 1349 1605 obligati
1368 1537 1433 1596 erut,

360 1637 422 1693 tin
444 1656 475 1694 se
497 1647 548 1694 aut
569 1639 643 1695 alios
665 1638 856 1706 admiserant,
884 1655 934 1693 eos
962 1637 992 1694 iu
1018 1636 1142 1694 vinculis
1163 1637 1379 1712 relinquebaut;
1400 1633 1433 1708 qui

392 1742 500 1817 stupris
523 1753 573 1799 aut
599 1743 725 1801 caedibus
749 1742 851 1801 violati
873 1753 965 1811 eraut,
989 1742 1039 1817 qui
1059 1741 1143 1801 falsis
1165 1742 1350 1813 testimoniis,
1368 1738 1432 1816 sigub

393 1847 570 1917 adulterinis,
600 1848 778 1906 subiectione
806 1857 1061 1918 testamentorum,
1090 1846 1247 1905 fraudibus
1275 1847 1340 1905 aliis
1359 1853 1432 1904 conto

315 2013 317 2020 7
362 1952 508 2021 bminati,
536 1970 587 2009 eos
609 1953 727 2028 capitali
748 1971 835 2028 poena
856 1953 1032 2012 afficiebant.
1075 1953 1182 2011 Plures
1204 1954 1302 2011 necati
1324 1950 1431 2029 quanin

392 2058 509 2114 vincula
538 2058 660 2116 coniecti
687 2069 767 2128 sunt;
797 2078 905 2133 magna
932 2060 976 2117 vis
1005 2061 1185 2133 inutraque
1214 2078 1307 2117 causa
1332 2059 1431 2116 virumn

361 2164 601 2237 limulierumque
623 2163 686 2220 fuit.
722 2164 860 2221 Mulieres
882 2166 1036 2222 damnatas
1059 2165 1205 2240 cognatis,
1228 2164 1324 2222 autin
1338 2178 1430 2238 quorun

391 2254 478 2326 manu
501 2279 606 2339 essent,
630 2270 794 2339 ¹tradebant,
821 2281 853 2326 ut
874 2271 930 2345 ipsi
951 2271 981 2327 in
1003 2271 1118 2346 privato
1141 2266 1431 2328 animadverterent

391 2393 454 2444 eas3
477 2375 501 2432 si
523 2393 608 2431 nemo
626 2385 694 2455 *erat
714 2374 836 2431 idoneus
857 2376 990 2451 supplicii
1013 2386 1149 2446 exactor,
1173 2376 1206 2433 in
1228 2376 1346 2453 publico
1365 2373 1431 2432 auiu-

362 2479 606 2537 7advertebatur.
669 2480 779 2537 Datum
813 2481 916 2538 deinde
946 2481 1113 2539 consulibus
1146 2482 1300 2557 negotium
1334 2492 1384 2551 est,
1411 2488 1431 2534 ut

391 2587 490 2644 omnia
511 2586 709 2643 Bacchanalia
729 2588 830 2644 Romae
851 2588 990 2662 primum,
1020 2587 1124 2644 deinde
1151 2606 1207 2661 per
1229 2596 1322 2652 totam
1343 2587 1431 2645 Italian

390 2694 550 2760 diruerent,
578 2701 751 2764 extraquam
775 2690 800 2747 si
823 2710 882 2765 qua
904 2692 944 2749 ibi
964 2701 1080 2750 vetusta
1102 2711 1157 2750 aru
1180 2703 1235 2751 aut
1255 2694 1367 2769 signum
1385 2709 1431 2749 con·

358 2795 535 2855 8secratum
563 2806 647 2854 esset.
683 2797 730 2853 ·In
752 2796 895 2871 reliquum
918 2797 1021 2854 deinde
1042 2808 1162 2856 senatus
1185 2800 1323 2857 consulto
1343 2807 1453 2856 cantuu-

389 2914 442 2973 est,
463 2922 500 2958 ne
522 2921 581 2976 qua
604 2902 801 2959 Bacchanalia
825 2905 927 2961 Roma
948 2923 1023 2961 neve
1044 2903 1074 2960 in
1095 2903 1187 2961 Italia
1209 2914 1322 2974 essent3
1346 2900 1431 2976 siquis

389 3008 447 3063 tale
460 3025 584 3064 sacrum
608 3007 747 3064 sollemne
769 3018 797 3064 et
813 3009 1008 3066 necessarium
1024 3009 1152 3080 duceret,
1174 3027 1231 3068 nec
1246 3010 1310 3067 sibe
1324 3009 1432 3084 relig'oue

390 3122 418 3170 et
447 3113 562 3188 piaculo
591 3132 623 3170 se
651 3113 679 3168 id
713 3114 846 3169 omittere
875 3131 975 3188 posse,
1009 3114 1088 3188 apud
1126 3123 1286 3188 praetorem
1319 3117 1431 3172 urbmuu

357 3215 581 3293 9profiteretur,
602 3228 709 3294 prator
730 3230 861 3306 senatum
885 3218 1062 3288 consuleret3
1086 3218 1112 3275 si
1133 3219 1160 3275 ei
1183 3221 1358 3294 permissum
1371 3226 1431 3285 meet

387 3342 476 3397 quum
497 3324 527 3380 in
542 3332 643 3380 senatu
667 3333 779 3381 centum
795 3343 853 3383 uon
868 3325 963 3381 minus
978 3332 1083 3394 essent,
1104 3323 1147 3380 ita
1161 3323 1195 3380 id
1209 3343 1328 3397 saupum
1341 3325 1431 3390 sacerd,

387 3423 464 3485 dum'
484 3448 521 3485 ne
550 3428 615 3503 plus
645 3429 771 3503 quinque
793 3430 935 3487 sacrificio
957 3431 1142 3500 interessent,
1171 3448 1231 3486 neu
1257 3449 1318 3506 qua
1338 3427 1431 3507 peculi·

387 3534 547 3590 communis
580 3539 636 3590 u'eu
670 3535 734 3607 quis
766 3536 906 3610 magister
940 3553 1089 3593 sacrorum
1120 3544 1172 3592 aut
1207 3539 1347 3597 sacerdos
1369 3543 1429 3594 aaa

297 3627 335 3697 19
387 3638 477 3694 Aliud
507 3639 610 3698 deinde
638 3640 705 3695 huic
734 3641 932 3711 coniunctum,
960 3641 1109 3721 referente
1126 3641 1163 3714 Q.
1186 3642 1305 3701 Marcio
1332 3638 1430 3703 maida

386 3753 504 3800 senatus
526 3744 688 3801 consultum
710 3744 819 3802 factum
847 3757 906 3818 est,
936 3757 968 3805 ut
992 3749 1029 3804 de
1052 3747 1103 3817 iis,
1136 3734 1214 3822 quos
1237 3768 1294 3824 pro
1317 3745 1430 3806 indicibut

386 3848 519 3904 consules
541 3850 719 3919 habuissent,
747 3851 861 3929 integra
881 3872 929 3911 res
953 3855 1146 3910 adsecutum
1169 3855 1341 3923 referretur,
1364 3865 1430 3926 quum

357 3952 436 4027 asp.
451 3954 621 4012 Postumius
643 3957 848 4029 quaestiouibus
869 3957 1006 4033 perfectis
1021 3938 1151 4016 Romam·
1170 3962 1307 4022 redisset
1333 3960 1429 4021 Mnuu

384 4057 545 4116 Cerrinium
562 4058 744 4136 Campanum
760 4064 891 4121 Ardeam
908 4064 937 4121 in
952 4063 1068 4122 vincula
1082 4065 1259 4126 mittendum
1276 4072 1429 4127 consuetum

383 4164 659 4242 magistratibusque
686 4170 859 4228 Ardeatium
887 4169 1117 4245 praedicendum,
1146 4181 1180 4228 ut
1209 4173 1360 4232 intentiore
1381 4186 1427 4228 eun

381 4271 737 4344 custodia·asservarent,
767 4294 826 4331 non
847 4275 941 4332 solum
974 4295 1010 4333 ne
1032 4274 1192 4353 effugeret,
1221 4280 1275 4338 sed
1297 4299 1333 4338 ne
1350 4273 1428 4335 martit
