3484 5025
436 492 474 548 96
682 488 763 537 Liber
779 486 920 537 XXXVII.
945 488 992 550 (Α.
1010 502 1036 536 ιι.
1055 502 1079 540 o.
1099 484 1173 551 565.)

394 670 506 749 [tanta]
535 691 588 747 pro
620 672 716 745 specie
743 672 814 746 regii
842 672 990 745 triumphi,
1022 672 1187 727 tetrachma
1216 670 1310 728 Attica
1331 669 1418 744 triginta

394 788 533 851 quattuor
565 777 656 833 millia
685 778 877 852 septingenta,
913 776 1070 852 cistophori
1105 786 1221 832 centum
1254 773 1358 849 triginta
1379 775 1419 831 duo

362 884 483 945 5millia'
505 884 632 939 trecenti.
677 883 909 958 Supplicationes
932 882 1035 938 deinde
1050 881 1169 938 fuerunt
1191 900 1229 937 ex
1250 890 1355 938 senatus
1374 898 1419 936 con·

392 988 477 1057 salto,
507 988 585 1061 quod
618 989 651 1045 L.
680 976 819 1046 AEmilius
849 989 878 1043 in
901 986 1046 1062 Hispania
1067 1006 1210 1061 prospere
1230 1006 1290 1043 rem
1311 986 1420 1062 publicant

391 1093 536 1168 gessisset.

362 1195 379 1249 6
476 1198 567 1254 Haud
596 1198 637 1254 ita
660 1199 750 1254 multo
773 1207 839 1273 post
864 1198 900 1254 L.
924 1197 1022 1271 Scipio
1045 1198 1084 1253 ad
1107 1198 1209 1254 urbem
1232 1196 1319 1267 venit,
1339 1195 1386 1269 qui,
1401 1214 1423 1251 re

392 1303 555 1378 cognomini
584 1302 683 1360 fratris
711 1305 834 1371 cederet,
861 1302 1024 1358 Asiaticum
1055 1321 1087 1359 se
1113 1304 1257 1379 appellari
1278 1302 1368 1360 voluit.
1400 1300 1424 1357 n

363 1408 420 1465 lin
444 1419 546 1465 senatu
570 1419 599 1464 et
619 1407 648 1463 in
671 1408 804 1463 contione
817 1408 852 1464 de
874 1409 960 1464 rebus
985 1409 1022 1464 ab
1034 1426 1066 1463 se
1077 1408 1167 1481 gestis
1179 1408 1321 1464 disseruit.
1350 1407 1424 1475 Erant,

392 1514 441 1587 qui
463 1513 544 1569 furna
571 1513 600 1568 id
633 1512 725 1567 maius
756 1512 861 1569 bellum
885 1532 971 1587 quam
996 1512 1167 1569 difficultate
1197 1512 1240 1568 rei
1261 1512 1423 1570 fuisseintet·

390 1626 589 1692 pretarentur:
626 1638 683 1674 uno
717 1618 896 1674 memorabili
929 1618 1031 1691 proelio
1061 1617 1256 1689 debellatum,
1279 1618 1425 1693 gloriamque

361 1723 453 1780 8eius
474 1724 603 1779 victoriae
624 1724 818 1797 praetl'oratmn
842 1724 880 1780 ad
898 1724 1113 1798 Thermopylas
1138 1741 1211 1783 esse.
1244 1709 1425 1781 'Ceterumrert

392 1830 544 1885 aestimanti
580 1829 739 1885 AEtolicum
776 1828 869 1902 magis
902 1828 939 1883 ad
977 1828 1194 1903 Thermopylas
1228 1829 1331 1886 bellum
1364 1844 1424 1901 quau

391 1934 502 2008 regium
525 1932 595 2002 fuit3
626 1943 715 2007 quota
745 1934 819 1988 enim
848 1942 932 2007 parte
958 1933 1062 1989 virium
1093 1952 1212 1990 suarum
1243 1934 1284 1990 ibi
1312 1930 1425 1990 dimicarit

392 2037 578 2098 Antiochus?
621 2040 656 2095 In
685 2039 760 2094 Asia
788 2038 877 2094 totius
906 2040 986 2095 Asiae
1015 2048 1156 2096 steterunt
1177 2040 1266 2111 vires,
1294 2040 1329 2095 ab
1349 2034 1425 2094 ultinit

394 2145 522 2203 Orientis
542 2144 669 2200 onmium
686 2143 813 2217 gentium
831 2145 987 2201 contractis
1000 2145 1125 2203 auxiliis.
1162 2145 1272 2201 Merito
1285 2138 1426 2218 ergoetdilt

392 2250 614 2317 immortalibus,
647 2260 772 2322 quantus
807 2249 951 2305 maximus
979 2259 1109 2323 poterat,
1141 2250 1260 2306 habitus
1287 2258 1328 2304 est
1353 2248 1432 2312 houm·

395 2357 474 2430 quod
494 2357 638 2429 ingentem
662 2355 813 2410 victoriam
836 2352 949 2410 facilem
966 2355 1051 2411 etiam
1075 2354 1223 2422 fecissent,
1246 2363 1272 2411 et
1291 2347 1427 2428 imperaton'

362 2462 556 2535 2triurnphus
581 2472 625 2516 est
646 2461 789 2520 decretus.
827 2460 1033 2535 Triumphauit
1055 2480 1153 2518 mense
1165 2459 1349 2517 intercalario
1363 2454 1429 2534 pridie

396 2568 532 2624 calendas
552 2566 686 2622 Martias,
727 2566 783 2636 Qui
805 2567 967 2640 triumphus
995 2567 1161 2641 spectaculo
1193 2568 1340 2623 oculorum
1362 2562 1428 2621 maior

395 2694 481 2748 quam
512 2671 645 2728 Africani
674 2670 772 2726 fratris
805 2671 865 2726 eius
892 2670 956 2739 fuit,
984 2657 1187 2728 recordatione
1214 2691 1310 2728 rerum
1333 2681 1358 2726 et
1377 2665 1429 2725 asti·

395 2778 522 2834 mationa
545 2776 662 2848 periculi
686 2776 907 2850 certaminisque
928 2797 986 2833 non
1010 2778 1101 2851 magis
1119 2777 1343 2850 comparandus,
1366 2789 1427 2848 qum

395 2883 419 2938 si
448 2882 651 2955 imperatorem
678 2881 847 2955 imperatori
879 2891 928 2937 aut
955 2883 1132 2938 Antiochum
1165 2883 1268 2938 ducem
1302 2875 1429 2937 Hannibal

364 2986 550 3043 3conferres.
598 2987 679 3041 Tulit
700 2987 729 3041 in
755 2987 899 3061 triumpho
927 2989 1011 3061 signa
1034 2988 1171 3043 militaria
1196 2989 1321 3043 ducenta
1341 2985 1431 3058 triginta

395 3102 540 3164 quattuor,
554 3091 725 3166 oppidorum
735 3091 889 3147 simulacra
902 3104 1014 3148 centum
1028 3093 1145 3166 triginta
1157 3103 1306 3166 quattuor,
1318 3093 1430 3148 ebumect

394 3196 493 3251 dentes
516 3197 593 3251 mille
616 3197 754 3252 ducentos
777 3197 895 3270 triginta
917 3217 1015 3268 unum,
1046 3216 1149 3252 aureas
1173 3216 1298 3253 coronas
1321 3197 1430 3253 ducentas

363 3310 379 3362 4
393 3301 512 3374 triginta
524 3310 669 3373 quattuor,
682 3303 792 3376 argenti
805 3302 902 3377 pondo
916 3311 1028 3358 centum
1042 3301 1237 3376 quadraginta
1249 3312 1355 3377 septem
1368 3297 1431 3357 millis

395 3407 607 3481 quadringenta
635 3407 753 3480 viginti,
789 3409 979 3463 tetrachmum
1005 3407 1170 3463 Atticorum
1205 3407 1329 3463 ducenta
1356 3400 1431 3480 rigiuti

395 3523 533 3586 quattuor
564 3511 662 3581 millia,
690 3512 846 3587 cistophori
879 3522 1008 3568 trecenta
1040 3512 1142 3586 viginti
1171 3531 1260 3568 unum
1285 3513 1369 3568 millia
1387 3527 1430 3582 sep·

393 3618 535 3691 tunginus,
564 3636 697 3673 nummos
728 3636 832 3674 aureos
857 3619 1028 3693 Philippeos
1050 3619 1086 3653 *l*
1109 3627 1224 3673 centum
1251 3617 1430 3691 quadraginta

363 3720 530 3777 5vasorurn
553 3732 756 3795 argenteorum
779 3723 888 3788 (omnia
904 3724 1006 3779 caelata
1028 3725 1120 3794 erant)
1143 3723 1223 3780 mille
1234 3724 1331 3797 pondo
1343 3733 1367 3778 et
1381 3736 1430 3794 qut·

394 3828 545 3901 dringenta
567 3828 669 3902 viginti
694 3828 759 3898 tria,
790 3847 942 3883 aureorum
966 3829 1042 3884 mille
1064 3829 1162 3902 pondo
1185 3830 1287 3904 viginti
1310 3829 1369 3886 tria
1404 3823 1429 3879 Et

394 3933 480 3988 duces
503 3935 583 4006 regii,
610 3932 747 4006 praefecti,
783 3935 944 4009 purpurati,
975 3935 1031 3989 duo
1063 3944 1089 3990 et
1113 3935 1232 4009 triginta
1254 3944 1320 3990 ante
1341 3945 1427 3988 currunt

363 4039 479 4095 6ducti.
528 4040 668 4096 Militibus
694 4040 772 4113 quini
800 4041 893 4096 viceni
925 4041 1035 4095 denarii
1059 4041 1128 4106 dati,
1161 4042 1268 4115 duplex
1291 4031 1425 4097 centurioni,

392 4146 497 4220 triplex
525 4146 623 4219 equiti.
680 4147 719 4202 Et
740 4146 912 4220 stipendium
942 4147 1066 4203 militare
1096 4155 1124 4202 et
1151 4145 1322 4203 frumentum
1347 4139 1425 4215 duplex
