3484 5025
444 523 501 580 188
701 520 781 572 Liber
798 519 913 572 XXXV.
948 518 994 586 (A.
1007 533 1034 570 ι
1044 533 1069 572 e.
1083 519 1158 585 ott.)

398 722 533 763 casurum
550 703 635 775 foret,
656 704 747 762 satius
760 723 825 762 esse
839 704 981 763 Minonis
995 703 1083 761 sociis
1101 721 1307 779 quamcunque
1319 701 1344 760 iu

399 810 505 881 subire,
527 829 614 885 quam
636 809 729 867 solum
752 818 803 867 aut
818 810 972 885 imperium
986 799 1048 888 p'ati
1060 808 1202 867 Antiochi
1222 817 1276 866 aut
1294 808 1344 866 aba

350 915 430 973 tovi
452 925 540 990 atque
561 915 650 990 armis
671 916 746 990 cogi.
794 914 842 973 Ob
863 916 935 985 baec,
956 924 1097 989 quantum
1120 915 1344 989 auctoritataq

400 1020 520 1078 consilio
542 1020 669 1092 valebat,
693 1020 834 1080 incitabat
855 1022 1008 1078 Romanos
1029 1020 1068 1078 ad
1089 1021 1209 1081 bellum

305 1118 347 1189 14
484 1126 630 1202 Sulpicius
657 1146 735 1203 teger
760 1126 900 1201 Pergami
925 1125 1067 1195 substitit3
1096 1126 1205 1184 Villius
1234 1144 1325 1202 quum

371 1231 478 1290 2bello
500 1240 672 1307 occupatum
696 1249 760 1288 esse
781 1249 879 1305 regern
895 1231 1033 1302 audisset,
1054 1232 1206 1307 Ephesum
1221 1230 1344 1307 proiectu

359 1389 361 1394 .
401 1355 511 1413 paucos
533 1336 573 1393 ibi
594 1345 726 1394 moratur
745 1336 816 1407 dies,
838 1336 920 1393 dedit
938 1354 1069 1412 operam,
1090 1345 1125 1393 ut
1141 1354 1209 1394 cum
1221 1336 1344 1394 Hannib

370 1442 461 1499 itum
483 1442 524 1498 ibi
545 1441 622 1499 forte
643 1452 714 1512 erat,
736 1460 814 1517 saepe
825 1442 1059 1517 congrederetur,
1081 1449 1113 1498 ut
1125 1441 1255 1499 animum
1269 1442 1329 1500 eius

402 1557 446 1618 et,
478 1548 503 1606 si
525 1567 585 1622 qua
605 1558 719 1623 posset,
750 1556 857 1604 metum
887 1547 1030 1617 demeret,
1062 1547 1184 1623 periculi
1206 1548 1344 1622 quicquan

371 1654 542 1711 tRomanis
569 1670 641 1710 esse.
686 1653 728 1709 lis
754 1651 907 1727 colloquiis
937 1652 1016 1709 aliud
1045 1653 1162 1727 quidem
1193 1662 1292 1710 actum
1320 1652 1344 1709 ni

401 1768 531 1815 secutum
553 1768 650 1815 tamen
669 1776 723 1815 sua
744 1768 849 1834 sponte
870 1768 923 1828 est,
944 1758 1024 1815 velut
1044 1760 1167 1817 consilio
1190 1758 1310 1835 petitum
1331 1775 1344 1814 e

402 1865 489 1922 vilior
509 1864 548 1919 ob
569 1884 605 1921 ea
625 1864 687 1938 regi
709 1862 859 1920 Hannibal
883 1874 911 1920 et
932 1866 1094 1939 suspectior
1115 1865 1154 1922 ad
1175 1865 1276 1922 omnia
1296 1864 1344 1920 fier

373 1969 391 2025 ὅ
488 1968 637 2040 Claudius,
657 1979 772 2026 secutus
794 1968 916 2027 Graecos
937 1969 1089 2027 Acilianos
1110 1970 1218 2039 libros,
1239 1970 1277 2029 Ρ.
1297 1966 1344 2026 Ab

404 2074 434 2132 in
455 2094 491 2132 ea
512 2074 602 2132 fuisse
622 2074 768 2150 legatione
789 2074 895 2145 tradit,
924 2093 1049 2149 eumque
1069 2074 1181 2150 Ephesi
1209 2074 1344 2132 collocuta

373 2180 588 2251 6Hannibale‚
633 2190 663 2237 et
700 2198 863 2237 sermonem
902 2198 990 2236 unum
1026 2180 1116 2237 etiam
1158 2179 1259 2239 refert.
1323 2178 1344 2252 Q

404 2284 563 2357 Africano,
615 2305 700 2361 quem
740 2284 830 2343 fuisse
875 2286 1034 2342 maximum
1077 2284 1284 2360 imperatorem
1321 2285 1344 2342 Η

374 2390 546 2459 laederet,
567 2390 770 2466 respondisse,
797 2389 1000 2449 Alexandrum
1027 2390 1223 2447 Macedonum
1250 2408 1344 2465 regam

403 2514 496 2570 parva
518 2515 604 2553 manu
626 2496 849 2553 innumerabiles
871 2495 1014 2553 exercitus
1035 2493 1173 2568 fudisset,
1201 2496 1337 2571 quodque

404 2621 487 2672 oras,
517 2620 591 2677 quas
619 2601 714 2660 visere
742 2620 832 2677 supra
858 2619 940 2676 spem
968 2602 1126 2658 humanam
1156 2612 1247 2670 esset,
1280 2620 1344 2677 pera

374 2708 552 2781 8Quaerenti
573 2707 693 2778 deinde,
725 2727 810 2783 quem
833 2708 991 2764 secundum
1013 2716 1150 2784 poneret,
1163 2710 1166 2715 ’
1180 2708 1328 2783 Pyrrhum

374 2819 503 2874 ilcestre
531 2794 634 2869 metari
661 2814 784 2888 primum
813 2813 960 2884 docuisee;
991 2813 1028 2870 od
1059 2813 1115 2868 hoc
1142 2812 1286 2869 neminem
1315 2812 1344 2870 el·

405 2919 471 2976 loca
499 2920 625 2995 cepisse,
659 2918 795 2995 praesidia
827 2917 1019 2993 disposuisse;
1056 2927 1148 2974 artem
1181 2918 1270 2975 etiam
1303 2936 1344 2976 cot

405 3023 462 3081 sibi
492 3025 623 3081 homines
651 3043 715 3081 eam
743 3023 895 3092 habuisse,
927 3033 959 3080 ut
985 3022 1096 3080 Italicae
1123 3031 1225 3097 gentes
1254 3024 1332 3098 regis

406 3147 494 3203 qnam
515 3129 613 3204 populi
632 3129 768 3198 Romani,
791 3137 850 3184 tam
874 3129 923 3186 din
945 3127 1083 3204 principis
1103 3127 1134 3184 in
1155 3147 1192 3185 ea
1213 3136 1302 3198 terra,
1322 3129 1344 3186 it

357 3232 470 3293 lilesse
496 3235 622 3293 mallent.
669 3233 864 3308 Exsequenti‚
887 3253 972 3307 quem
995 3233 1110 3289 tertium
1132 3233 1267 3304 duceret,
1290 3235 1344 3291 bau

406 3351 498 3397 semet
537 3340 631 3414 ipsum
673 3340 789 3398 dixisse.
859 3334 936 3396 Tum
969 3338 1059 3395 risum
1097 3340 1233 3396 obortum
1268 3338 1344 3414 Scipi

357 3441 390 3496 ll
406 3445 578 3503 subiecisse:
616 3447 782 3519 „Quidnam
813 3455 843 3501 tu
873 3442 1002 3512 diceres,
1034 3445 1057 3500 si
1090 3463 1137 3501 me
1165 3444 1287 3502 vicisses
1297 3443 1329 3501 ?“

407 3569 478 3608 vero
500 3556 564 3608 me“
595 3551 688 3625 inquit
720 3560 768 3618 „et
793 3560 861 3608 ante
889 3549 1090 3606 Alexandrum
1121 3560 1151 3608 et
1178 3560 1247 3606 ante
1275 3551 1344 3626 Pyn

359 3651 394 3708 tt
408 3664 476 3712 ante
503 3656 576 3713 alios
606 3673 707 3712 omnes
735 3642 926 3730 imperatores
955 3661 1047 3717 esse.“
1096 3655 1137 3712 Et
1160 3647 1344 3730 perplexum*

407 3771 472 3817 astu
493 3778 664 3835 responsum
693 3771 722 3817 et
743 3761 932 3835 improvisum
961 3736 1167 3816 assentationis
1194 3777 1287 3833 genus
1309 3758 1344 3818 Sc

407 3865 548 3934 movisse,
576 3866 653 3940 quod
683 3883 700 3921 e
725 3883 815 3940 grege
840 3883 873 3922 se
901 3865 1108 3941 imperatorum
1137 3864 1219 3922 velut
1246 3863 1344 3922 inaestit

406 3968 585 4028 secrevisset.

313 4067 352 4136 15
490 4075 596 4132 Villius
617 4075 655 4132 ab
669 4074 788 4149 Epheso
800 4075 967 4149 Apameam
986 4054 1136 4149 processit
1184 4075 1230 4132 Eo
1253 4084 1282 4132 et
1302 4075 1344 4132 Au

376 4178 508 4237 2audito.
538 4181 700 4256 legatorum
729 4182 930 4238 Romanorum
963 4179 1106 4249 adventu,
1142 4181 1277 4237 occurrit„
1331 4185 1344 4237 l

407 4285 570 4359 congressis
602 4284 774 4360 disceptatio
807 4285 910 4342 eadem
941 4283 1034 4342 hmo
1064 4283 1137 4356 fuit,
1173 4303 1240 4359 quae
1267 4285 1344 4342 Rom
