3484 5025
792 526 868 569 xxn

296 711 427 784 pluribus
447 709 577 782 pentibus
598 710 724 775 ausiliis,
752 710 801 765 sed
823 726 858 764 ea
878 705 962 783 ipso.)
1008 708 1041 763 12
1074 706 1183 780 ripam,
1214 703 1265 780 qui
1286 703 1362 762 tenui

299 803 320 849 t.
345 812 373 850 a.
396 792 587 860 interfluebat,
609 792 742 847 torrentis
768 789 811 866 (B.
838 792 929 847 Uncus
956 791 1022 849 add.
1056 791 1164 861 Ussinp.
1187 791 1265 847 Fort.
1295 791 1362 858 suit:

300 876 407 950 quippe
429 874 507 930 tenui
528 884 549 932 t.
573 893 600 930 a.
634 873 674 929 W
691 892 749 947 qua
770 875 862 946 tenui)
891 878 924 929 16
954 872 1054 929 Achaei
1083 872 1126 911 *9
1158 881 1187 928 et
1215 872 1271 946 ipsi
1298 873 1362 942 (Μ9.

300 962 358 1017 Em.
387 958 446 1013 388
471 975 486 1012 e
509 960 545 1013 B:
575 956 677 1013 Achai
700 965 728 1012 et
755 956 820 1030 ipsi.
866 958 1003 1012 Numerus
1032 957 1106 1011 alius
1133 957 1222 1024 fuisse
1247 953 1362 1027 potest.)

306 1044 340 1099 ts
361 1037 553 1097 effunduntur.
582 1038 735 1114 Bargylias
757 1047 814 1113 pet.
835 1038 972 1113 fugerunt
996 1040 1058 1109 (Μ9.
1081 1040 1139 1093 Em.
1160 1038 1233 1107 388)
1259 1032 1322 1105 ΧΧ,
1345 1038 1361 1091 2

302 1123 384 1194 (Cod.
403 1122 528 1196 legibos3
553 1122 659 1179 emend.
686 1122 803 1192 Goetter)
827 1126 843 1177 4
865 1131 893 1177 et
910 1126 926 1177 b
943 1120 1138 1196 oppugnabat.
1156 1120 1315 1195 Zephyrio.
1331 1162 1358 1177 ..

304 1206 452 1264 Selinunte
473 1214 589 1279 recepto
618 1204 751 1260 omnibus
778 1204 1023 1265 his....tenebat
1050 1220 1124 1261 eum.
1156 1203 1270 1275 (interp.
1298 1211 1363 1261 mut.

301 1292 358 1347 lt'm.
380 1288 450 1356 386)
483 1287 552 1343 bin
575 1286 748 1342 deditionem
770 1287 843 1359 (ΜΒ)
869 1282 950 1354 XXI,
987 1289 1004 1341 4
1036 1289 1073 1357 (B
1094 1304 1169 1341 uxot·
1190 1304 1225 1342 ac
1246 1286 1365 1352 liberos;

301 1372 407 1427 emend.
430 1367 586 1442 luaobsius)
606 1369 726 1440 (liberis
749 1400 788 1411 -
811 1378 947 1443 quattuor
967 1387 988 1425 s.
1008 1370 1037 1426 h.
1062 1400 1109 1438 -,
1132 1369 1208 1424 mit-is
1231 1370 1364 1441 (Mp.Em.

301 1453 360 1509 388
382 1472 409 1509 n.
435 1471 472 1508 eae
494 1455 559 1509 tta:
589 1451 695 1506 liberos
720 1452 792 1508 duos
820 1472 844 1510 s.
874 1452 902 1508 h.
929 1452 1017 1521 mitis)
1050 1456 1065 1506 5
1095 1452 1281 1507 descenderet
1312 1451 1365 1521 (ed.

301 1535 387 1607 Μο9.)
420 1537 437 1592 8
462 1534 626 1591 Bardonem
650 1531 697 1607 (B)
717 1531 721 1605 I
740 1535 775 1607 (B
796 1534 958 1603 Etruriam3
989 1536 1095 1590 emend.
1127 1535 1242 1607 Goeller)
1274 1536 1292 1590 9
1324 1530 1366 1608 [et

301 1614 484 1693 peregrinos]
515 1614 589 1692 (Em.
609 1617 662 1687 92)
684 1613 779 1686 XXII,
811 1620 828 1673 8
855 1617 1045 1673 nominabant
1070 1616 1155 1673 etiam
1178 1627 1212 1675 tr.
1236 1617 1367 1684 militum,

307 1700 504 1774 ..Ligurium
533 1700 587 1773 leg.
617 1716 682 1771 qu,
711 1699 836 1756 adversa
873 1719 899 1774 p.
929 1702 1041 1772 (interp.
1072 1703 1129 1756 lim.
1158 1700 1228 1772 388)
1262 1694 1367 1766 XXIV,

304 1788 322 1840 4
345 1800 363 1838 a
384 1781 487 1855 Sergio
511 1783 590 1854 (Μ9.)
621 1785 637 1837 5
662 1792 779 1838 senatus
801 1783 886 1838 datus
913 1785 941 1854 (e
962 1786 1000 1839 M:
1031 1802 1090 1839 sen.
1121 1790 1166 1838 est
1187 1783 1316 1855 habitus)
1351 1783 1367 1839 8

303 1883 338 1921 so
360 1864 408 1921 dis
428 1868 489 1921 siue
511 1874 580 1920 noto
602 1866 696 1919 mendi
723 1864 855 1937 (Prorsus
885 1870 954 1921 mire
984 1867 1044 1921 dies
1066 1867 1132 1921 tatis
1154 1869 1197 1920 rei
1214 1867 1368 1937 postulatu

302 1957 429 2018 notatur,
452 1957 479 2003 et
501 1948 667 2003 incredibile
688 1957 739 2016 est,
761 1950 814 2003 boc
834 1952 864 2003 in
886 1958 987 2006 senatu
1007 1952 1037 2004 in
1059 1950 1119 2005 oede
1141 1950 1267 2005 Bellona
1290 1952 1369 2021 pacis

303 2032 446 2100 faciendae
466 2048 553 2087 eausa
576 2032 676 2101 lepatis
697 2031 897 2087 Macedonibus
919 2032 987 2087 dato
1006 2034 1182 2103 postulatum
1203 2050 1272 2089 esse.
1313 2033 1369 2089 Aut

303 2115 378 2170 alius
413 2114 508 2169 subest
544 2130 627 2168 error
663 2121 713 2168 aut
746 2113 792 2169 Eo
815 2128 901 2169 anno
938 2117 1031 2170 Liuius
1067 2118 1195 2185 scripsit,-
1227 2112 1368 2187 fortasse:

304 2192 427 2252 Cosanis
451 2214 486 2251 eo
508 2214 584 2252 anno
607 2195 700 2250 denuo
722 2195 893 2269 petentibus,
915 2198 978 2253 coll.
1003 2199 1124 2265 XXXII,
1150 2198 1186 2271 2,
1211 2197 1247 2269 7.)
1280 2193 1369 2265 XXV,

304 2281 321 2335 9
350 2277 482 2352 fugatum
515 2279 556 2351 (M
582 2272 652 2349 ed.¹)
687 2281 717 2333 ll
753 2278 834 2350 (Cum
865 2280 900 2334 W
926 2281 1050 2335 Creverit?
1076 2282 1277 2346 coniecturam,
1313 2283 1370 2336 trt'a

303 2361 391 2418 cerba
413 2362 554 2430 tollentis,
578 2365 605 2416 ei
623 2362 747 2432 pratuli,
768 2380 852 2433 quam
874 2365 932 2418 Em.
954 2363 1012 2418 389
1032 2363 1202 2436 posueram.)
1225 2359 1328 2431 XXVI,
1352 2366 1369 2418 6

304 2445 366 2517 (aut
380 2444 410 2500 hi
429 2446 471 2515 W,·
494 2447 516 2500 B
538 2453 566 2499 et
587 2445 629 2511 hi;
652 2443 788 2499 edebatur
808 2444 849 2517 hi)
874 2446 890 2500 8
914 2445 982 2501 aedis
1004 2442 1121 2515 XXVII,
1146 2445 1246 2520 lipsis
1264 2442 1328 2522 [iis]
1343 2454 1371 2501 et

304 2528 339 2600 (B
360 2526 439 2601 ipsos
460 2527 510 2596 iis,
541 2530 569 2581 Μ
587 2527 643 2601 ipsi
663 2526 693 2581 id
716 2546 734 2582 a
756 2527 902 2600 Quinctio)
926 2526 1064 2598 XXVIII,
1095 2532 1111 2584 5
1143 2529 1327 2585 destinabant
1353 2531 1369 2564 ⁴*

284 2618 334 2665 ‘et
355 2609 440 2665 caedis
461 2609 499 2681 (tt
519 2611 563 2668 ed.
586 2610 626 2665 Et
646 2627 683 2665 ea
705 2618 716 2664 t
739 2620 831 2666 ortum
853 2612 915 2684 est.)
960 2615 976 2668 6
999 2631 1036 2668 ex
1057 2611 1100 2667 his
1125 2615 1139 2667 7
1164 2611 1369 2687 Zeuxippus*

306 2701 334 2746 et
356 2691 499 2747 constanti
537 2692 646 2764 (Hertz.
694 2695 722 2747 Μ
751 2694 795 2752 ed.
830 2694 998 2769 Zeuxippus
1031 2693 1171 2750 consimili
1208 2694 1317 2767 animo)
1352 2697 1369 2752 8

305 2783 521 2847 argumentatus
543 2775 611 2846 (lae.
628 2775 725 2846 Gran.)
749 2777 765 2830 9
786 2794 839 2849 pro
861 2776 967 2833 indicio
990 2777 1034 2833 usi
1045 2778 1225 2851 Zeuxippum
1243 2777 1294 2849 (B,-
1312 2781 1369 2836 Em.

303 2855 373 2928 389)
402 2852 515 2925 XXIX,
545 2860 562 2914 6
585 2875 706 2929 quorum
726 2875 789 2913 curn
812 2860 894 2915 fieret
918 2871 1049 2917 neutrum
1074 2860 1120 2933 (Μ.
1145 2860 1283 2916 Butram
1306 2879 1369 2916 cum

304 2939 386 2994 fieret
407 2939 551 3011 neutrum)
581 2935 677 3007 XXX,
709 2940 726 2995 2
755 2959 792 2995 ex
820 2942 864 2998 his
893 2945 909 2998 3
940 2943 1105 3015 (deduceret
1131 2951 1158 2999 et
1187 2945 1318 3015 Kreyss.,·
1351 2946 1371 3000 Β

305 3021 422 3078 duceret
447 3021 490 3093 ut)
517 3023 521 3094 (
544 3021 589 3077 his
620 3024 636 3078 8
664 3022 787 3093 (ducena
821 3026 852 3079 W
874 3043 928 3097 pro
953 3026 1092 3094 ducenta,
1127 3029 1148 3081 Β
1176 3025 1342 3097 ducentum)
1365 3022 1369 3102 (

306 3103 431 3171 ducena,
465 3122 591 3177 praesens
621 3107 685 3175 (Μ9.
715 3109 772 3162 Ena
800 3106 869 3179 390)
906 3104 1031 3175 XXXII,
1068 3110 1085 3164 2
1119 3109 1245 3164 humano
1273 3108 1371 3182 generi

306 3185 471 3255 concilium,
504 3187 585 3243 Asiae
616 3188 727 3260 (interp.
754 3191 812 3247 Em
841 3189 912 3262 399)
940 3193 956 3247 3
985 3201 1059 3247 esset
1089 3190 1137 3247 alii
1170 3190 1227 3246 alia
1256 3192 1370 3262 (interp

306 3272 364 3325 Em
388 3271 406 3324 t.
430 3287 450 3326 o
477 3271 576 3341 Opuse.
599 3273 642 3339 ll,
669 3270 740 3343 367)
769 3267 910 3340 XXXIII,
942 3277 958 3328 6
990 3272 1152 3348 [iunctis)(
1142 3274 1191 3346 (8,
1220 3276 1278 3329 lim.
1301 3274 1371 3344 399)

306 3347 442 3421 XXXIV,
474 3353 491 3407 3
520 3371 577 3409 neu
607 3371 733 3426 unquam
759 3314 914 3411 lacesserei
949 3357 1015 3428 (Μ9.
1046 3360 1104 3414 Em.
1133 3357 1193 3412 391
1220 3375 1235 3411 e
1266 3359 1300 3412 B.
1336 3375 1372 3412 ne

307 3393 457 3507 umquani)
493 3439 509 3490 5
541 3436 655 3491 decreto
685 3436 782 3492 decem
818 3437 980 3512 legatorum
1010 3439 1139 3495 civitates
1169 3440 1280 3511 (Creo.,·
1312 3443 1371 3497 Em.

308 3519 326 3572 t.
348 3517 383 3589 a)
407 3522 424 3574 6
447 3518 578 3592 Dolopes
603 3536 718 3592 quoque
739 3519 822 3574 liberi
852 3521 920 3593 (ΜΒ.
943 3522 1066 3596 Quoque
1087 3526 1113 3579 si
1134 3524 1373 3593 transponendum

306 3609 393 3666 esset,
430 3610 498 3672 post
535 3601 687 3698 Magnetes
725 3605 885 3672 ponendum
927 3615 999 3661 erat
1072 3607 1127 3661 Sed
1165 3607 1241 3661 linio
1281 3610 1372 3662 maius

306 3685 398 3738 nescio
425 3685 504 3773 qued
537 3687 627 3739 ossum
658 3694 700 3739 est
729 3686 805 3754 aprtd
833 3686 979 3760 Polybium
1006 3675 1247 3784 nwtsuuspnoun
1283 3706 1370 3761 quam

305 3751 521 3844 ausordpous
543 3755 697 3904 u'pstouu
746 3770 803 3823 Nec
831 3769 964 3842 Polybius
993 3774 1105 3842 scripsit
1131 3763 1372 3849 ἠλευθέρωσαν

307 3842 341 3907 δὲ
379 3845 434 3906 uui
472 3850 583 3921 -.)7
619 3849 751 3922 (excepta
786 3853 919 3924 Xreyss,·
951 3855 1025 3909 ΒΜ
1054 3854 1187 4009 excepto)
1228 3857 1263 3910 10
1296 3855 1372 3927 regis

306 3931 346 4002 (Μ
379 3928 436 4002 ed)
471 3927 476 4001 Ι
510 3931 628 3987 dabant.
663 3931 846 3988 dissentiente
879 3933 1014 4005 Quinctio
1048 3954 1082 3991 ea
1123 3938 1248 4009 (interp)
1283 3934 1288 4012 (
1326 3937 1371 3993 his

307 4011 351 4084 (Β)
320 4008 508 4080 BXXXV,
545 4015 562 4069 8
592 4014 740 4070 solet-
776 4015 927 4090 Pylaicum
962 4017 1168 4091 appellant-
1213 4028 1371 4075 conventus

337 4269 439 4337 ¹)Sia,
464 4275 505 4323 ubi
528 4292 586 4338 opus
610 4274 739 4335 uidebtsstur
765 4280 850 4327 notabo
876 4278 907 4328 M
925 4296 971 4327 non
990 4296 1050 4328 namt
1043 4279 1124 4329 iuutim
1144 4278 1303 4343 appellatum,
1330 4279 1373 4330 sed

374 4342 479 4394 editione
497 4343 567 4407 Mop.
587 4361 727 4408 mprassum.
