<?xml version="1.0" encoding="UTF-8"?>
<!DOCTYPE html PUBLIC "-//W3C//DTD XHTML 1.0 Transitional//EN"
    "http://www.w3.org/TR/xhtml1/DTD/xhtml1-transitional.dtd">
<html xmlns="http://www.w3.org/1999/xhtml" xml:lang="en" lang="en">
 <head>
  <title>
</title>
<meta http-equiv="Content-Type" content="text/html;charset=utf-8" />
  <meta name='ocr-system' content='tesseract 3.04.00' />
  <meta name='ocr-capabilities' content='ocr_page ocr_carea ocr_par ocr_line ocrx_word'/>
</head>
<body>
  <div class='ocr_page' id='page_1' title='image "./titiliviihistor00ussigoog_0522.png"; bbox 0 0 3484 5025; ppageno 0'>
   <div class='ocr_carea' id='block_1_1' title="bbox 437 456 1235 567">
    <p class='ocr_par' dir='ltr' id='par_1_1' title="bbox 437 456 1235 567">
     <span class='ocr_line' id='line_1_1' title="bbox 437 456 1235 567; baseline -0.009 -10"><span class='ocrx_word' id='word_1_1' title='bbox 437 507 494 563; x_wconf 72' lang='grc'>234</span> <span class='ocrx_word' id='word_1_2' title='bbox 580 456 582 461; x_wconf 28' lang='grc' dir='ltr'>Ι</span> <span class='ocrx_word' id='word_1_3' title='bbox 655 541 660 549; x_wconf 86' lang='grc'><strong>.</strong></span> <span class='ocrx_word' id='word_1_4' title='bbox 725 503 804 553; x_wconf 86' lang='lat' dir='ltr'>Liber</span> <span class='ocrx_word' id='word_1_5' title='bbox 822 503 879 555; x_wconf 85' lang='lat' dir='ltr'>XL.</span> <span class='ocrx_word' id='word_1_6' title='bbox 916 503 963 567; x_wconf 73' lang='lat' dir='ltr'>(A.</span> <span class='ocrx_word' id='word_1_7' title='bbox 979 518 1004 553; x_wconf 89' lang='lat' dir='ltr'>u.</span> <span class='ocrx_word' id='word_1_8' title='bbox 1020 518 1042 553; x_wconf 84' lang='lat' dir='ltr'>o.</span> <span class='ocrx_word' id='word_1_9' title='bbox 1060 503 1133 567; x_wconf 76' lang='lat'><strong>573.)</strong></span> <span class='ocrx_word' id='word_1_10' title='bbox 1232 496 1235 502; x_wconf 81' lang='grc'><strong>’</strong></span> 
     </span>
    </p>
   </div>
   <div class='ocr_carea' id='block_1_2' title="bbox 336 671 1492 2871">
    <p class='ocr_par' dir='ltr' id='par_1_2' title="bbox 362 671 1492 1714">
     <span class='ocr_line' id='line_1_2' title="bbox 393 671 1492 765; baseline -0.002 -20"><span class='ocrx_word' id='word_1_11' title='bbox 393 688 503 765; x_wconf 77' lang='lat' dir='ltr'>pariter</span> <span class='ocrx_word' id='word_1_12' title='bbox 517 689 655 758; x_wconf 89' lang='lat' dir='ltr'>omnium,</span> <span class='ocrx_word' id='word_1_13' title='bbox 670 689 720 762; x_wconf 91' lang='lat' dir='ltr'>qui</span> <span class='ocrx_word' id='word_1_14' title='bbox 734 687 878 744; x_wconf 88' lang='lat' dir='ltr'>incastris</span> <span class='ocrx_word' id='word_1_15' title='bbox 894 696 985 758; x_wconf 88' lang='lat' dir='ltr'>erant,</span> <span class='ocrx_word' id='word_1_16' title='bbox 1001 688 1136 745; x_wconf 83' lang='lat' dir='ltr'>calonum</span> <span class='ocrx_word' id='word_1_17' title='bbox 1154 706 1276 763; x_wconf 85' lang='lat' dir='ltr'>quoque</span> <span class='ocrx_word' id='word_1_18' title='bbox 1291 696 1320 744; x_wconf 91' lang='lat' dir='ltr'>et</span> <span class='ocrx_word' id='word_1_19' title='bbox 1333 686 1455 759; x_wconf 89' lang='lat' dir='ltr'>lixarum,</span> <span class='ocrx_word' id='word_1_20' title='bbox 1488 671 1492 682; x_wconf 52' lang='lat'>⁸</span> 
     </span>
     <span class='ocr_line' id='line_1_3' title="bbox 363 792 1453 868; baseline -0.002 -17"><span class='ocrx_word' id='word_1_21' title='bbox 363 794 525 864; x_wconf 73' lang='lat' dir='ltr'>tsublato,</span> <span class='ocrx_word' id='word_1_22' title='bbox 552 794 638 850; x_wconf 88' lang='lat' dir='ltr'>simul</span> <span class='ocrx_word' id='word_1_23' title='bbox 660 792 793 859; x_wconf 85' lang='lat' dir='ltr'>omnibus</span> <span class='ocrx_word' id='word_1_24' title='bbox 826 792 920 868; x_wconf 91' lang='lat' dir='ltr'>portis</span> <span class='ocrx_word' id='word_1_25' title='bbox 942 793 1066 850; x_wconf 86' lang='lat' dir='ltr'>Romani</span> <span class='ocrx_word' id='word_1_26' title='bbox 1089 803 1269 868; x_wconf 76' lang='lat' dir='ltr'>eruperunt·</span> <span class='ocrx_word' id='word_1_27' title='bbox 1314 792 1453 867; x_wconf 76' lang='lat' dir='ltr'>Liguribus</span> 
     </span>
     <span class='ocr_line' id='line_1_4' title="bbox 394 896 1454 974; baseline -0.001 -18"><span class='ocrx_word' id='word_1_28' title='bbox 394 900 468 956; x_wconf 90' lang='lat' dir='ltr'>adeo</span> <span class='ocrx_word' id='word_1_29' title='bbox 490 898 650 974; x_wconf 84' lang='lat' dir='ltr'>improvisa</span> <span class='ocrx_word' id='word_1_30' title='bbox 671 916 717 955; x_wconf 87' lang='lat' dir='ltr'>res</span> <span class='ocrx_word' id='word_1_31' title='bbox 739 896 808 966; x_wconf 83' lang='lat' dir='ltr'>fuit,</span> <span class='ocrx_word' id='word_1_32' title='bbox 830 907 862 954; x_wconf 91' lang='lat' dir='ltr'>ut</span> <span class='ocrx_word' id='word_1_33' title='bbox 884 897 1012 973; x_wconf 90' lang='lat' dir='ltr'>perinde,</span> <span class='ocrx_word' id='word_1_34' title='bbox 1035 917 1069 956; x_wconf 90' lang='lat' dir='ltr'>ac</span> <span class='ocrx_word' id='word_1_35' title='bbox 1091 898 1116 954; x_wconf 82' lang='lat' dir='ltr'>si</span> <span class='ocrx_word' id='word_1_36' title='bbox 1138 898 1256 955; x_wconf 83' lang='lat' dir='ltr'>insidiis</span> <span class='ocrx_word' id='word_1_37' title='bbox 1278 898 1454 955; x_wconf 82' lang='lat' dir='ltr'>circumventi</span> 
     </span>
     <span class='ocr_line' id='line_1_5' title="bbox 392 1001 1454 1080; baseline -0.001 -19"><span class='ocrx_word' id='word_1_38' title='bbox 392 1004 505 1075; x_wconf 84' lang='lat' dir='ltr'>forent,</span> <span class='ocrx_word' id='word_1_39' title='bbox 537 1005 723 1080; x_wconf 82' lang='lat' dir='ltr'>trepidarent.</span> <span class='ocrx_word' id='word_1_40' title='bbox 774 1003 922 1079; x_wconf 77' lang='lat' dir='ltr'>Exiguum</span> <span class='ocrx_word' id='word_1_41' title='bbox 951 1004 1090 1078; x_wconf 88' lang='lat' dir='ltr'>temporis</span> <span class='ocrx_word' id='word_1_42' title='bbox 1117 1003 1220 1078; x_wconf 86' lang='lat' dir='ltr'>aliqua</span> <span class='ocrx_word' id='word_1_43' title='bbox 1242 1001 1341 1061; x_wconf 77' lang='lat' dir='ltr'>forma</span> <span class='ocrx_word' id='word_1_44' title='bbox 1362 1021 1454 1078; x_wconf 80' lang='lat' dir='ltr'>pugna</span> 
     </span>
     <span class='ocr_line' id='line_1_6' title="bbox 392 1107 1453 1185; baseline -0.001 -19"><span class='ocrx_word' id='word_1_45' title='bbox 392 1108 463 1179; x_wconf 80' lang='lat' dir='ltr'>fuit3</span> <span class='ocrx_word' id='word_1_46' title='bbox 494 1110 565 1185; x_wconf 85' lang='lat' dir='ltr'>fuga</span> <span class='ocrx_word' id='word_1_47' title='bbox 597 1109 700 1167; x_wconf 91' lang='lat' dir='ltr'>deinde</span> <span class='ocrx_word' id='word_1_48' title='bbox 719 1107 825 1165; x_wconf 77' lang='lat' dir='ltr'>effusa</span> <span class='ocrx_word' id='word_1_49' title='bbox 856 1117 886 1166; x_wconf 84' lang='lat' dir='ltr'>et</span> <span class='ocrx_word' id='word_1_50' title='bbox 912 1108 1082 1185; x_wconf 82' lang='lat' dir='ltr'>fugientium</span> <span class='ocrx_word' id='word_1_51' title='bbox 1117 1110 1229 1184; x_wconf 85' lang='lat' dir='ltr'>passim</span> <span class='ocrx_word' id='word_1_52' title='bbox 1266 1109 1360 1167; x_wconf 84' lang='lat' dir='ltr'>caedes</span> <span class='ocrx_word' id='word_1_53' title='bbox 1393 1117 1453 1179; x_wconf 81' lang='lat' dir='ltr'>erat,</span> 
     </span>
     <span class='ocr_line' id='line_1_7' title="bbox 363 1212 1454 1291; baseline -0.002 -18"><span class='ocrx_word' id='word_1_54' title='bbox 363 1216 537 1291; x_wconf 78' lang='lat' dir='ltr'>bequitibus</span> <span class='ocrx_word' id='word_1_55' title='bbox 569 1216 638 1273; x_wconf 86' lang='lat' dir='ltr'>dato</span> <span class='ocrx_word' id='word_1_56' title='bbox 670 1214 769 1289; x_wconf 87' lang='lat' dir='ltr'>signo,</span> <span class='ocrx_word' id='word_1_57' title='bbox 807 1224 839 1271; x_wconf 93' lang='lat' dir='ltr'>ut</span> <span class='ocrx_word' id='word_1_58' title='bbox 868 1215 1094 1272; x_wconf 80' lang='lat' dir='ltr'>conscenderent</span> <span class='ocrx_word' id='word_1_59' title='bbox 1129 1234 1223 1289; x_wconf 91' lang='lat' dir='ltr'>equos</span> <span class='ocrx_word' id='word_1_60' title='bbox 1258 1234 1314 1273; x_wconf 92' lang='lat' dir='ltr'>nec</span> <span class='ocrx_word' id='word_1_61' title='bbox 1339 1212 1454 1290; x_wconf 81' lang='lat' dir='ltr'>effugere</span> 
     </span>
     <span class='ocr_line' id='line_1_8' title="bbox 393 1318 1454 1397; baseline -0.003 -20"><span class='ocrx_word' id='word_1_62' title='bbox 393 1340 567 1397; x_wconf 87' lang='lat' dir='ltr'>quemquam</span> <span class='ocrx_word' id='word_1_63' title='bbox 594 1321 728 1377; x_wconf 77' lang='lat' dir='ltr'>sinerent.</span> <span class='ocrx_word' id='word_1_64' title='bbox 751 1321 812 1377; x_wconf 88' lang='lat' dir='ltr'>·In</span> <span class='ocrx_word' id='word_1_65' title='bbox 834 1329 932 1377; x_wconf 86' lang='lat' dir='ltr'>castra</span> <span class='ocrx_word' id='word_1_66' title='bbox 955 1338 1055 1377; x_wconf 90' lang='lat' dir='ltr'>omnes</span> <span class='ocrx_word' id='word_1_67' title='bbox 1082 1320 1199 1395; x_wconf 92' lang='lat' dir='ltr'>trepida</span> <span class='ocrx_word' id='word_1_68' title='bbox 1228 1319 1303 1395; x_wconf 86' lang='lat' dir='ltr'>fuge</span> <span class='ocrx_word' id='word_1_69' title='bbox 1325 1318 1454 1394; x_wconf 90' lang='lat' dir='ltr'>compulsi</span> 
     </span>
     <span class='ocr_line' id='line_1_9' title="bbox 362 1406 1454 1501; baseline -0.003 -17"><span class='ocrx_word' id='word_1_70' title='bbox 362 1406 484 1495; x_wconf 65' lang='lat' dir='ltr'>dsunt(</span> <span class='ocrx_word' id='word_1_71' title='bbox 499 1426 603 1483; x_wconf 90' lang='lat' dir='ltr'>deinde</span> <span class='ocrx_word' id='word_1_72' title='bbox 626 1426 698 1501; x_wconf 86' lang='lat' dir='ltr'>ipsis</span> <span class='ocrx_word' id='word_1_73' title='bbox 722 1427 801 1483; x_wconf 84' lang='lat' dir='ltr'>exuti</span> <span class='ocrx_word' id='word_1_74' title='bbox 828 1426 941 1489; x_wconf 84' lang='lat' dir='ltr'>castris.</span> <span class='ocrx_word' id='word_1_75' title='bbox 988 1425 1085 1501; x_wconf 88' lang='lat' dir='ltr'>Supra</span> <span class='ocrx_word' id='word_1_76' title='bbox 1106 1426 1275 1500; x_wconf 88' lang='lat' dir='ltr'>quindecim</span> <span class='ocrx_word' id='word_1_77' title='bbox 1300 1425 1389 1499; x_wconf 84' lang='lat' dir='ltr'>millia</span> <span class='ocrx_word' id='word_1_78' title='bbox 1408 1425 1454 1481; x_wconf 90' lang='lat' dir='ltr'>Li-</span> 
     </span>
     <span class='ocr_line' id='line_1_10' title="bbox 392 1530 1454 1607; baseline -0.004 -17"><span class='ocrx_word' id='word_1_79' title='bbox 392 1550 495 1607; x_wconf 85' lang='lat' dir='ltr'>gurum</span> <span class='ocrx_word' id='word_1_80' title='bbox 523 1551 557 1589; x_wconf 87' lang='lat' dir='ltr'>eo</span> <span class='ocrx_word' id='word_1_81' title='bbox 586 1533 633 1589; x_wconf 93' lang='lat' dir='ltr'>die</span> <span class='ocrx_word' id='word_1_82' title='bbox 654 1532 766 1603; x_wconf 85' lang='lat' dir='ltr'>occisa,</span> <span class='ocrx_word' id='word_1_83' title='bbox 797 1530 876 1606; x_wconf 89' lang='lat' dir='ltr'>capti</span> <span class='ocrx_word' id='word_1_84' title='bbox 906 1531 964 1588; x_wconf 92' lang='lat' dir='ltr'>duo</span> <span class='ocrx_word' id='word_1_85' title='bbox 994 1530 1083 1587; x_wconf 86' lang='lat' dir='ltr'>millia</span> <span class='ocrx_word' id='word_1_86' title='bbox 1111 1541 1140 1587; x_wconf 91' lang='lat' dir='ltr'>et</span> <span class='ocrx_word' id='word_1_87' title='bbox 1163 1531 1297 1588; x_wconf 82' lang='lat' dir='ltr'>trecenti.</span> <span class='ocrx_word' id='word_1_88' title='bbox 1352 1530 1454 1587; x_wconf 84' lang='lat' dir='ltr'>Triduo</span> 
     </span>
     <span class='ocr_line' id='line_1_11' title="bbox 393 1636 1453 1714; baseline -0.003 -19"><span class='ocrx_word' id='word_1_89' title='bbox 393 1648 460 1714; x_wconf 90' lang='lat' dir='ltr'>post</span> <span class='ocrx_word' id='word_1_90' title='bbox 475 1638 623 1713; x_wconf 26' lang='lat' dir='ltr'>*Ligurum</span> <span class='ocrx_word' id='word_1_91' title='bbox 651 1640 851 1713; x_wconf 83' lang='lat' dir='ltr'>Ingaunorum</span> <span class='ocrx_word' id='word_1_92' title='bbox 889 1655 974 1693; x_wconf 88' lang='lat' dir='ltr'>omne</span> <span class='ocrx_word' id='word_1_93' title='bbox 1003 1655 1109 1693; x_wconf 91' lang='lat' dir='ltr'>nomen</span> <span class='ocrx_word' id='word_1_94' title='bbox 1139 1636 1295 1694; x_wconf 89' lang='lat' dir='ltr'>obsidibus</span> <span class='ocrx_word' id='word_1_95' title='bbox 1325 1636 1399 1693; x_wconf 86' lang='lat' dir='ltr'>datis</span> <span class='ocrx_word' id='word_1_96' title='bbox 1422 1637 1453 1692; x_wconf 87' lang='lat' dir='ltr'>&#39;in</span> 
     </span>
    </p>

    <p class='ocr_par' dir='ltr' id='par_1_3' title="bbox 336 1741 1456 2871">
     <span class='ocr_line' id='line_1_12' title="bbox 336 1741 1454 1819; baseline -0.004 -17"><span class='ocrx_word' id='word_1_97' title='bbox 336 1813 340 1819; x_wconf 34' lang='lat'>‚</span> <span class='ocrx_word' id='word_1_98' title='bbox 364 1743 534 1802; x_wconf 74' lang='lat' dir='ltr'>idicionem</span> <span class='ocrx_word' id='word_1_99' title='bbox 562 1744 652 1803; x_wconf 88' lang='lat' dir='ltr'>venit.</span> <span class='ocrx_word' id='word_1_100' title='bbox 713 1741 935 1802; x_wconf 86' lang='lat' dir='ltr'>Gubernatores</span> <span class='ocrx_word' id='word_1_101' title='bbox 962 1751 1116 1816; x_wconf 87' lang='lat' dir='ltr'>nautaeque</span> <span class='ocrx_word' id='word_1_102' title='bbox 1144 1742 1323 1817; x_wconf 85' lang='lat' dir='ltr'>conquisiti,</span> <span class='ocrx_word' id='word_1_103' title='bbox 1357 1742 1404 1816; x_wconf 91' lang='lat' dir='ltr'>qui</span> <span class='ocrx_word' id='word_1_104' title='bbox 1431 1744 1454 1797; x_wconf 84' lang='lat' dir='ltr'>ia</span> 
     </span>
     <span class='ocr_line' id='line_1_13' title="bbox 392 1846 1454 1924; baseline -0.001 -20"><span class='ocrx_word' id='word_1_105' title='bbox 392 1848 574 1924; x_wconf 84' lang='lat' dir='ltr'>praedatoriis</span> <span class='ocrx_word' id='word_1_106' title='bbox 588 1846 710 1905; x_wconf 88' lang='lat' dir='ltr'>fuissent</span> <span class='ocrx_word' id='word_1_107' title='bbox 725 1848 858 1915; x_wconf 90' lang='lat' dir='ltr'>navibus,</span> <span class='ocrx_word' id='word_1_108' title='bbox 882 1856 970 1922; x_wconf 88' lang='lat' dir='ltr'>atque</span> <span class='ocrx_word' id='word_1_109' title='bbox 986 1864 1085 1904; x_wconf 89' lang='lat' dir='ltr'>omnes</span> <span class='ocrx_word' id='word_1_110' title='bbox 1099 1847 1129 1904; x_wconf 91' lang='lat' dir='ltr'>in</span> <span class='ocrx_word' id='word_1_111' title='bbox 1145 1849 1313 1905; x_wconf 81' lang='lat' dir='ltr'>custodiam</span> <span class='ocrx_word' id='word_1_112' title='bbox 1330 1847 1454 1916; x_wconf 74' lang='lat' dir='ltr'>coniecti,</span> 
     </span>
     <span class='ocr_line' id='line_1_14' title="bbox 393 1933 1454 2028; baseline -0.003 -17"><span class='ocrx_word' id='word_1_113' title='bbox 393 1961 422 2011; x_wconf 89' lang='lat' dir='ltr'>et</span> <span class='ocrx_word' id='word_1_114' title='bbox 443 1971 462 2009; x_wconf 88' lang='lat' dir='ltr'>a</span> <span class='ocrx_word' id='word_1_115' title='bbox 480 1951 513 2013; x_wconf 84' lang='lat' dir='ltr'>O.</span> <span class='ocrx_word' id='word_1_116' title='bbox 530 1953 660 2011; x_wconf 82' lang='lat' dir='ltr'>Matieno</span> <span class='ocrx_word' id='word_1_117' title='bbox 684 1953 837 2011; x_wconf 83' lang='lat' dir='ltr'>duumviro</span> <span class='ocrx_word' id='word_1_118' title='bbox 858 1970 949 2009; x_wconf 87' lang='lat' dir='ltr'>naves</span> <span class='ocrx_word' id='word_1_119' title='bbox 969 1951 1030 2009; x_wconf 87' lang='lat' dir='ltr'>eius</span> <span class='ocrx_word' id='word_1_120' title='bbox 1051 1952 1165 2026; x_wconf 83' lang='lat' dir='ltr'>generis</span> <span class='ocrx_word' id='word_1_121' title='bbox 1187 1951 1217 2008; x_wconf 92' lang='lat' dir='ltr'>in</span> <span class='ocrx_word' id='word_1_122' title='bbox 1232 1933 1391 2028; x_wconf 85' lang='lat' dir='ltr'>Ligustina</span> <span class='ocrx_word' id='word_1_123' title='bbox 1410 1970 1454 2008; x_wconf 90' lang='lat' dir='ltr'>ora</span> 
     </span>
     <span class='ocr_line' id='line_1_15' title="bbox 353 2057 1455 2134; baseline -0.004 -15"><span class='ocrx_word' id='word_1_124' title='bbox 353 2063 379 2119; x_wconf 88' lang='grc' dir='ltr'>Ι8</span> <span class='ocrx_word' id='word_1_125' title='bbox 393 2059 511 2133; x_wconf 85' lang='lat' dir='ltr'>triginta</span> <span class='ocrx_word' id='word_1_126' title='bbox 538 2059 602 2115; x_wconf 78' lang='lat' dir='ltr'>duas</span> <span class='ocrx_word' id='word_1_127' title='bbox 623 2071 715 2134; x_wconf 83' lang='lat' dir='ltr'>captae</span> <span class='ocrx_word' id='word_1_128' title='bbox 737 2068 813 2119; x_wconf 90' lang='lat' dir='ltr'>sunt.</span> <span class='ocrx_word' id='word_1_129' title='bbox 836 2063 838 2068; x_wconf 86' lang='lat'>&#39;</span> <span class='ocrx_word' id='word_1_130' title='bbox 862 2060 934 2116; x_wconf 83' lang='lat' dir='ltr'>Haeo</span> <span class='ocrx_word' id='word_1_131' title='bbox 965 2057 1015 2132; x_wconf 93' lang='lat' dir='ltr'>qui</span> <span class='ocrx_word' id='word_1_132' title='bbox 1035 2058 1203 2115; x_wconf 86' lang='lat' dir='ltr'>nuntiarent</span> <span class='ocrx_word' id='word_1_133' title='bbox 1223 2057 1397 2133; x_wconf 84' lang='lat' dir='ltr'>litterasque</span> <span class='ocrx_word' id='word_1_134' title='bbox 1423 2058 1455 2115; x_wconf 88' lang='lat' dir='ltr'>ad</span> 
     </span>
     <span class='ocr_line' id='line_1_16' title="bbox 372 2162 1454 2238; baseline 0 -17"><span class='ocrx_word' id='word_1_135' title='bbox 372 2174 523 2234; x_wconf 68' lang='lat' dir='ltr'>„senatum</span> <span class='ocrx_word' id='word_1_136' title='bbox 539 2163 655 2234; x_wconf 87' lang='lat' dir='ltr'>ferrent,</span> <span class='ocrx_word' id='word_1_137' title='bbox 679 2166 714 2225; x_wconf 97' lang='lat' dir='ltr'>L.</span> <span class='ocrx_word' id='word_1_138' title='bbox 729 2166 866 2222; x_wconf 88' lang='lat' dir='ltr'>Aurelius</span> <span class='ocrx_word' id='word_1_139' title='bbox 882 2163 979 2234; x_wconf 86' lang='lat' dir='ltr'>Cotta,</span> <span class='ocrx_word' id='word_1_140' title='bbox 1002 2162 1035 2223; x_wconf 82' lang='lat' dir='ltr'>O.</span> <span class='ocrx_word' id='word_1_141' title='bbox 1052 2162 1197 2238; x_wconf 88' lang='lat' dir='ltr'>Sulpicius</span> <span class='ocrx_word' id='word_1_142' title='bbox 1213 2162 1323 2222; x_wconf 88' lang='lat' dir='ltr'>Gallus</span> <span class='ocrx_word' id='word_1_143' title='bbox 1339 2166 1454 2223; x_wconf 88' lang='lat' dir='ltr'>Romam</span> 
     </span>
     <span class='ocr_line' id='line_1_17' title="bbox 393 2268 1456 2345; baseline 0.002 -20"><span class='ocrx_word' id='word_1_144' title='bbox 393 2269 488 2337; x_wconf 83' lang='lat' dir='ltr'>missi3</span> <span class='ocrx_word' id='word_1_145' title='bbox 519 2269 661 2343; x_wconf 90' lang='lat' dir='ltr'>simulque</span> <span class='ocrx_word' id='word_1_146' title='bbox 693 2277 840 2345; x_wconf 86' lang='lat' dir='ltr'>pet-erent,</span> <span class='ocrx_word' id='word_1_147' title='bbox 868 2279 900 2326; x_wconf 94' lang='lat' dir='ltr'>ut</span> <span class='ocrx_word' id='word_1_148' title='bbox 929 2270 962 2326; x_wconf 88' lang='lat' dir='ltr'>L.</span> <span class='ocrx_word' id='word_1_149' title='bbox 993 2268 1115 2326; x_wconf 85' lang='lat' dir='ltr'>AEmilio</span> <span class='ocrx_word' id='word_1_150' title='bbox 1146 2268 1286 2326; x_wconf 88' lang='lat' dir='ltr'>confecta</span> <span class='ocrx_word' id='word_1_151' title='bbox 1314 2270 1456 2345; x_wconf 84' lang='lat' dir='ltr'>provincia</span> 
     </span>
     <span class='ocr_line' id='line_1_18' title="bbox 392 2373 1456 2448; baseline 0 -17"><span class='ocrx_word' id='word_1_152' title='bbox 392 2374 531 2431; x_wconf 84' lang='lat' dir='ltr'>decedere</span> <span class='ocrx_word' id='word_1_153' title='bbox 568 2383 597 2429; x_wconf 89' lang='lat' dir='ltr'>et</span> <span class='ocrx_word' id='word_1_154' title='bbox 627 2374 769 2432; x_wconf 89' lang='lat' dir='ltr'>deducere</span> <span class='ocrx_word' id='word_1_155' title='bbox 796 2394 893 2431; x_wconf 87' lang='lat' dir='ltr'>secum</span> <span class='ocrx_word' id='word_1_156' title='bbox 922 2375 1025 2431; x_wconf 88' lang='lat' dir='ltr'>milites</span> <span class='ocrx_word' id='word_1_157' title='bbox 1057 2373 1156 2430; x_wconf 90' lang='lat' dir='ltr'>liceret</span> <span class='ocrx_word' id='word_1_158' title='bbox 1192 2382 1285 2448; x_wconf 90' lang='lat' dir='ltr'>atque</span> <span class='ocrx_word' id='word_1_159' title='bbox 1312 2374 1456 2432; x_wconf 89' lang='lat' dir='ltr'>dimittere.</span> 
     </span>
     <span class='ocr_line' id='line_1_19' title="bbox 361 2479 1456 2556; baseline -0.003 -17"><span class='ocrx_word' id='word_1_160' title='bbox 361 2479 557 2553; x_wconf 85' lang='lat' dir='ltr'>9Utrumque</span> <span class='ocrx_word' id='word_1_161' title='bbox 578 2479 750 2554; x_wconf 89' lang='lat' dir='ltr'>permissum</span> <span class='ocrx_word' id='word_1_162' title='bbox 780 2480 816 2537; x_wconf 89' lang='lat' dir='ltr'>ab</span> <span class='ocrx_word' id='word_1_163' title='bbox 839 2488 941 2537; x_wconf 84' lang='lat' dir='ltr'>senatu</span> <span class='ocrx_word' id='word_1_164' title='bbox 970 2489 999 2537; x_wconf 90' lang='lat' dir='ltr'>et</span> <span class='ocrx_word' id='word_1_165' title='bbox 1019 2479 1192 2554; x_wconf 81' lang='lat' dir='ltr'>supplicatio</span> <span class='ocrx_word' id='word_1_166' title='bbox 1216 2480 1257 2536; x_wconf 92' lang='lat' dir='ltr'>ad</span> <span class='ocrx_word' id='word_1_167' title='bbox 1281 2481 1382 2538; x_wconf 89' lang='lat' dir='ltr'>omnia</span> <span class='ocrx_word' id='word_1_168' title='bbox 1402 2480 1456 2556; x_wconf 90' lang='lat' dir='ltr'>pul-</span> 
     </span>
     <span class='ocr_line' id='line_1_20' title="bbox 392 2584 1455 2660; baseline 0.002 -20"><span class='ocrx_word' id='word_1_169' title='bbox 392 2584 506 2641; x_wconf 88' lang='lat' dir='ltr'>vinaria</span> <span class='ocrx_word' id='word_1_170' title='bbox 528 2604 581 2660; x_wconf 94' lang='lat' dir='ltr'>per</span> <span class='ocrx_word' id='word_1_171' title='bbox 600 2585 726 2642; x_wconf 91' lang='lat' dir='ltr'>triduum</span> <span class='ocrx_word' id='word_1_172' title='bbox 748 2585 873 2656; x_wconf 82' lang='lat' dir='ltr'>decreta,</span> <span class='ocrx_word' id='word_1_173' title='bbox 885 2586 1024 2660; x_wconf 81' lang='lat' dir='ltr'>¹iussique</span> <span class='ocrx_word' id='word_1_174' title='bbox 1039 2594 1177 2660; x_wconf 83' lang='lat' dir='ltr'>praetores</span> <span class='ocrx_word' id='word_1_175' title='bbox 1194 2585 1321 2643; x_wconf 90' lang='lat' dir='ltr'>Petilius</span> <span class='ocrx_word' id='word_1_176' title='bbox 1338 2588 1455 2644; x_wconf 85' lang='lat' dir='ltr'>urbanas</span> 
     </span>
     <span class='ocr_line' id='line_1_21' title="bbox 393 2689 1456 2765; baseline 0 -17"><span class='ocrx_word' id='word_1_177' title='bbox 393 2690 536 2748; x_wconf 91' lang='lat' dir='ltr'>dimittere</span> <span class='ocrx_word' id='word_1_178' title='bbox 551 2691 689 2765; x_wconf 81' lang='lat' dir='ltr'>legiones,</span> <span class='ocrx_word' id='word_1_179' title='bbox 710 2689 822 2746; x_wconf 86' lang='lat' dir='ltr'>Fabius</span> <span class='ocrx_word' id='word_1_180' title='bbox 841 2692 928 2747; x_wconf 89' lang='lat' dir='ltr'>sociis</span> <span class='ocrx_word' id='word_1_181' title='bbox 952 2700 1038 2764; x_wconf 92' lang='lat' dir='ltr'>atque</span> <span class='ocrx_word' id='word_1_182' title='bbox 1060 2690 1168 2746; x_wconf 90' lang='lat' dir='ltr'>nomini</span> <span class='ocrx_word' id='word_1_183' title='bbox 1185 2691 1296 2747; x_wconf 86' lang='lat' dir='ltr'>Latino</span> <span class='ocrx_word' id='word_1_184' title='bbox 1318 2693 1456 2749; x_wconf 79' lang='lat' dir='ltr'>remittere</span> 
     </span>
     <span class='ocr_line' id='line_1_22' title="bbox 345 2794 1454 2871; baseline 0.001 -20"><span class='ocrx_word' id='word_1_185' title='bbox 345 2803 379 2856; x_wconf 85' lang='lat'>10</span> <span class='ocrx_word' id='word_1_186' title='bbox 393 2795 594 2865; x_wconf 79' lang='lat' dir='ltr'>dilectum3‘et</span> <span class='ocrx_word' id='word_1_187' title='bbox 615 2796 657 2852; x_wconf 92' lang='lat' dir='ltr'>uti</span> <span class='ocrx_word' id='word_1_188' title='bbox 682 2806 789 2871; x_wconf 90' lang='lat' dir='ltr'>praetor</span> <span class='ocrx_word' id='word_1_189' title='bbox 811 2801 938 2856; x_wconf 85' lang='lat' dir='ltr'>urbanus</span> <span class='ocrx_word' id='word_1_190' title='bbox 962 2795 1126 2855; x_wconf 90' lang='lat' dir='ltr'>consulibus</span> <span class='ocrx_word' id='word_1_191' title='bbox 1150 2794 1309 2866; x_wconf 83' lang='lat' dir='ltr'>scriberet,</span> <span class='ocrx_word' id='word_1_192' title='bbox 1332 2807 1454 2853; x_wconf 88' lang='lat' dir='ltr'>senatum</span> 
     </span>
    </p>
   </div>
   <div class='ocr_carea' id='block_1_3' title="bbox 317 2900 1454 2977">
    <p class='ocr_par' dir='ltr' id='par_1_4' title="bbox 317 2900 1454 2977">
     <span class='ocr_line' id='line_1_23' title="bbox 317 2900 1454 2977; baseline 0 -21"><span class='ocrx_word' id='word_1_193' title='bbox 317 2969 322 2975; x_wconf 10' lang='grc' dir='ltr'><em>θ</em></span> <span class='ocrx_word' id='word_1_194' title='bbox 393 2918 506 2973; x_wconf 85' lang='lat' dir='ltr'>aequum</span> <span class='ocrx_word' id='word_1_195' title='bbox 528 2917 655 2969; x_wconf 89' lang='lat' dir='ltr'>censere,</span> <span class='ocrx_word' id='word_1_196' title='bbox 677 2901 834 2957; x_wconf 90' lang='lat' dir='ltr'>subitarios</span> <span class='ocrx_word' id='word_1_197' title='bbox 856 2900 970 2968; x_wconf 84' lang='lat' dir='ltr'>milites,</span> <span class='ocrx_word' id='word_1_198' title='bbox 994 2900 1132 2956; x_wconf 89' lang='lat' dir='ltr'>tumultus</span> <span class='ocrx_word' id='word_1_199' title='bbox 1157 2918 1250 2957; x_wconf 85' lang='lat' dir='ltr'>causa</span> <span class='ocrx_word' id='word_1_200' title='bbox 1274 2903 1454 2977; x_wconf 85' lang='lat' dir='ltr'>conscriptos,</span> 
     </span>
    </p>
   </div>
   <div class='ocr_carea' id='block_1_4' title="bbox 297 3004 1454 4341">
    <p class='ocr_par' dir='ltr' id='par_1_5' title="bbox 297 3004 1454 4341">
     <span class='ocr_line' id='line_1_24' title="bbox 344 3004 914 3080; baseline 0.004 -20"><span class='ocrx_word' id='word_1_201' title='bbox 344 3047 349 3054; x_wconf 52' lang='lat'><em>2</em></span> <span class='ocrx_word' id='word_1_202' title='bbox 392 3005 487 3080; x_wconf 91' lang='lat' dir='ltr'>primo</span> <span class='ocrx_word' id='word_1_203' title='bbox 510 3022 625 3079; x_wconf 89' lang='lat' dir='ltr'>quoque</span> <span class='ocrx_word' id='word_1_204' title='bbox 649 3014 779 3078; x_wconf 89' lang='lat' dir='ltr'>tempore</span> <span class='ocrx_word' id='word_1_205' title='bbox 800 3004 914 3062; x_wconf 87' lang='lat' dir='ltr'>dimitti.</span> 
     </span>
     <span class='ocr_line' id='line_1_25' title="bbox 297 3108 1453 3184; baseline 0 -18"><span class='ocrx_word' id='word_1_206' title='bbox 297 3109 338 3178; x_wconf 85' lang='grc'>29</span> <span class='ocrx_word' id='word_1_207' title='bbox 477 3108 601 3166; x_wconf 80' lang='lat' dir='ltr'>Colonia</span> <span class='ocrx_word' id='word_1_208' title='bbox 616 3109 766 3167; x_wconf 80' lang='lat' dir='ltr'>Graviscce</span> <span class='ocrx_word' id='word_1_209' title='bbox 783 3129 817 3166; x_wconf 93' lang='lat' dir='ltr'>eo</span> <span class='ocrx_word' id='word_1_210' title='bbox 834 3128 910 3166; x_wconf 86' lang='lat' dir='ltr'>anuo</span> <span class='ocrx_word' id='word_1_211' title='bbox 927 3109 1051 3166; x_wconf 87' lang='lat' dir='ltr'>deducta</span> <span class='ocrx_word' id='word_1_212' title='bbox 1066 3120 1109 3167; x_wconf 91' lang='lat' dir='ltr'>est</span> <span class='ocrx_word' id='word_1_213' title='bbox 1130 3110 1159 3166; x_wconf 92' lang='lat' dir='ltr'>in</span> <span class='ocrx_word' id='word_1_214' title='bbox 1175 3129 1282 3184; x_wconf 86' lang='lat' dir='ltr'>agrum</span> <span class='ocrx_word' id='word_1_215' title='bbox 1300 3112 1453 3178; x_wconf 87' lang='lat' dir='ltr'>Etruscum,</span> 
     </span>
     <span class='ocr_line' id='line_1_26' title="bbox 362 3215 1452 3291; baseline -0.003 -16"><span class='ocrx_word' id='word_1_216' title='bbox 362 3215 430 3275; x_wconf 74' lang='lat' dir='ltr'>ude</span> <span class='ocrx_word' id='word_1_217' title='bbox 445 3215 707 3290; x_wconf 83' lang='lat' dir='ltr'>Tarquiniensibus</span> <span class='ocrx_word' id='word_1_218' title='bbox 724 3217 871 3289; x_wconf 84' lang='lat' dir='ltr'>quondam</span> <span class='ocrx_word' id='word_1_219' title='bbox 896 3224 1022 3289; x_wconf 84' lang='lat' dir='ltr'>captum.</span> <span class='ocrx_word' id='word_1_220' title='bbox 1052 3216 1149 3289; x_wconf 79' lang='lat' dir='ltr'>Quina</span> <span class='ocrx_word' id='word_1_221' title='bbox 1170 3216 1276 3289; x_wconf 85' lang='lat' dir='ltr'>iugera</span> <span class='ocrx_word' id='word_1_222' title='bbox 1299 3217 1363 3291; x_wconf 85' lang='lat' dir='ltr'>agri</span> <span class='ocrx_word' id='word_1_223' title='bbox 1379 3218 1452 3282; x_wconf 66' lang='lat' dir='ltr'>data,</span> 
     </span>
     <span class='ocr_line' id='line_1_27' title="bbox 393 3318 1453 3394; baseline 0 -18"><span class='ocrx_word' id='word_1_224' title='bbox 393 3321 507 3377; x_wconf 86' lang='lat' dir='ltr'>tresviri</span> <span class='ocrx_word' id='word_1_225' title='bbox 529 3321 711 3379; x_wconf 86' lang='lat' dir='ltr'>deduxerunt</span> <span class='ocrx_word' id='word_1_226' title='bbox 732 3319 766 3379; x_wconf 82' lang='lat' dir='ltr'>C.</span> <span class='ocrx_word' id='word_1_227' title='bbox 791 3319 966 3394; x_wconf 88' lang='lat' dir='ltr'>Calpurnius</span> <span class='ocrx_word' id='word_1_228' title='bbox 988 3320 1073 3389; x_wconf 90' lang='lat' dir='ltr'>Piso,</span> <span class='ocrx_word' id='word_1_229' title='bbox 1101 3321 1136 3380; x_wconf 91' lang='lat' dir='ltr'>P.</span> <span class='ocrx_word' id='word_1_230' title='bbox 1160 3318 1305 3378; x_wconf 74' lang='lat' dir='ltr'>Claudius</span> <span class='ocrx_word' id='word_1_231' title='bbox 1329 3322 1453 3389; x_wconf 81' lang='lat' dir='ltr'>Pulcher,</span> 
     </span>
     <span class='ocr_line' id='line_1_28' title="bbox 393 3424 1453 3501; baseline -0.004 -18"><span class='ocrx_word' id='word_1_232' title='bbox 393 3424 428 3485; x_wconf 85' lang='lat' dir='ltr'>C.</span> <span class='ocrx_word' id='word_1_233' title='bbox 450 3427 605 3483; x_wconf 87' lang='lat' dir='ltr'>Terentius</span> <span class='ocrx_word' id='word_1_234' title='bbox 627 3428 713 3485; x_wconf 88' lang='lat' dir='ltr'>lstra.</span> <span class='ocrx_word' id='word_1_235' title='bbox 758 3424 894 3483; x_wconf 85' lang='lat' dir='ltr'>Siccitate</span> <span class='ocrx_word' id='word_1_236' title='bbox 916 3435 944 3481; x_wconf 88' lang='lat' dir='ltr'>et</span> <span class='ocrx_word' id='word_1_237' title='bbox 965 3425 1064 3501; x_wconf 86' lang='lat' dir='ltr'>inopia</span> <span class='ocrx_word' id='word_1_238' title='bbox 1085 3425 1201 3501; x_wconf 83' lang='lat' dir='ltr'>frugum</span> <span class='ocrx_word' id='word_1_239' title='bbox 1224 3427 1349 3501; x_wconf 85' lang='lat' dir='ltr'>insignis</span> <span class='ocrx_word' id='word_1_240' title='bbox 1372 3443 1453 3482; x_wconf 89' lang='lat' dir='ltr'>annus</span> 
     </span>
     <span class='ocr_line' id='line_1_29' title="bbox 392 3530 1410 3606; baseline 0.001 -19"><span class='ocrx_word' id='word_1_241' title='bbox 392 3530 460 3601; x_wconf 84' lang='lat' dir='ltr'>fuit3</span> <span class='ocrx_word' id='word_1_242' title='bbox 483 3549 536 3588; x_wconf 88' lang='lat' dir='ltr'>sex</span> <span class='ocrx_word' id='word_1_243' title='bbox 554 3550 668 3588; x_wconf 87' lang='lat' dir='ltr'>menses</span> <span class='ocrx_word' id='word_1_244' title='bbox 689 3549 837 3603; x_wconf 89' lang='lat' dir='ltr'>nunquam</span> <span class='ocrx_word' id='word_1_245' title='bbox 860 3530 997 3605; x_wconf 73' lang='lat' dir='ltr'>pluuisse,</span> <span class='ocrx_word' id='word_1_246' title='bbox 1020 3532 1165 3588; x_wconf 85' lang='lat' dir='ltr'>memoriae</span> <span class='ocrx_word' id='word_1_247' title='bbox 1187 3534 1337 3606; x_wconf 90' lang='lat' dir='ltr'>proditum</span> <span class='ocrx_word' id='word_1_248' title='bbox 1361 3541 1410 3589; x_wconf 91' lang='lat' dir='ltr'>est.</span> 
     </span>
     <span class='ocr_line' id='line_1_30' title="bbox 362 3630 1451 3712; baseline -0.001 -19"><span class='ocrx_word' id='word_1_249' title='bbox 362 3639 379 3693; x_wconf 88' lang='lat'><strong>3</strong></span> <span class='ocrx_word' id='word_1_250' title='bbox 410 3708 413 3712; x_wconf 14' lang='lat' dir='ltr'><em>A</em></span> <span class='ocrx_word' id='word_1_251' title='bbox 477 3637 588 3693; x_wconf 86' lang='lat' dir='ltr'>Eodem</span> <span class='ocrx_word' id='word_1_252' title='bbox 612 3630 688 3693; x_wconf 83' lang='lat' dir='ltr'>atino</span> <span class='ocrx_word' id='word_1_253' title='bbox 711 3637 740 3692; x_wconf 90' lang='lat' dir='ltr'>in</span> <span class='ocrx_word' id='word_1_254' title='bbox 763 3653 834 3709; x_wconf 87' lang='lat' dir='ltr'>agro</span> <span class='ocrx_word' id='word_1_255' title='bbox 851 3636 888 3693; x_wconf 89' lang='lat' dir='ltr'>L.</span> <span class='ocrx_word' id='word_1_256' title='bbox 905 3635 1001 3692; x_wconf 88' lang='lat' dir='ltr'>Petilii</span> <span class='ocrx_word' id='word_1_257' title='bbox 1023 3637 1124 3694; x_wconf 76' lang='lat' dir='ltr'>scribae</span> <span class='ocrx_word' id='word_1_258' title='bbox 1149 3639 1203 3694; x_wconf 92' lang='lat' dir='ltr'>sub</span> <span class='ocrx_word' id='word_1_259' title='bbox 1226 3638 1372 3707; x_wconf 88' lang='lat' dir='ltr'>laniculo,</span> <span class='ocrx_word' id='word_1_260' title='bbox 1394 3637 1451 3693; x_wconf 88' lang='lat' dir='ltr'>dum</span> 
     </span>
     <span class='ocr_line' id='line_1_31' title="bbox 304 3740 1452 3817; baseline 0.005 -25"><span class='ocrx_word' id='word_1_261' title='bbox 304 3788 306 3792; x_wconf 88' lang='grc'><em>,</em></span> <span class='ocrx_word' id='word_1_262' title='bbox 392 3741 517 3798; x_wconf 88' lang='lat' dir='ltr'>cultores</span> <span class='ocrx_word' id='word_1_263' title='bbox 539 3742 602 3816; x_wconf 88' lang='lat' dir='ltr'>agri</span> <span class='ocrx_word' id='word_1_264' title='bbox 625 3743 709 3798; x_wconf 84' lang='lat' dir='ltr'>altius</span> <span class='ocrx_word' id='word_1_265' title='bbox 732 3740 889 3796; x_wconf 89' lang='lat' dir='ltr'>moliuntur</span> <span class='ocrx_word' id='word_1_266' title='bbox 908 3749 1025 3810; x_wconf 89' lang='lat' dir='ltr'>terram,</span> <span class='ocrx_word' id='word_1_267' title='bbox 1047 3743 1110 3798; x_wconf 81' lang='lat' dir='ltr'>duee</span> <span class='ocrx_word' id='word_1_268' title='bbox 1125 3742 1248 3817; x_wconf 85' lang='lat' dir='ltr'>lapideae</span> <span class='ocrx_word' id='word_1_269' title='bbox 1272 3762 1358 3812; x_wconf 86' lang='lat' dir='ltr'>arcae,</span> <span class='ocrx_word' id='word_1_270' title='bbox 1381 3754 1452 3799; x_wconf 88' lang='lat' dir='ltr'>octo·</span> 
     </span>
     <span class='ocr_line' id='line_1_32' title="bbox 392 3846 1452 3924; baseline -0.002 -22"><span class='ocrx_word' id='word_1_271' title='bbox 392 3865 450 3903; x_wconf 81' lang='lat' dir='ltr'>uos.</span> <span class='ocrx_word' id='word_1_272' title='bbox 468 3846 558 3902; x_wconf 87' lang='lat' dir='ltr'>ferme</span> <span class='ocrx_word' id='word_1_273' title='bbox 573 3848 660 3921; x_wconf 88' lang='lat' dir='ltr'>pedes</span> <span class='ocrx_word' id='word_1_274' title='bbox 676 3847 778 3920; x_wconf 85' lang='lat' dir='ltr'>longae,</span> <span class='ocrx_word' id='word_1_275' title='bbox 803 3854 959 3919; x_wconf 87' lang='lat' dir='ltr'>quaternos</span> <span class='ocrx_word' id='word_1_276' title='bbox 980 3846 1056 3917; x_wconf 84' lang='lat' dir='ltr'>latae,</span> <span class='ocrx_word' id='word_1_277' title='bbox 1077 3848 1202 3903; x_wconf 88' lang='lat' dir='ltr'>invcntae</span> <span class='ocrx_word' id='word_1_278' title='bbox 1217 3859 1295 3918; x_wconf 90' lang='lat' dir='ltr'>sunt,</span> <span class='ocrx_word' id='word_1_279' title='bbox 1319 3846 1452 3924; x_wconf 83' lang='lat' dir='ltr'>operculis</span> 
     </span>
     <span class='ocr_line' id='line_1_33' title="bbox 361 3951 1453 4028; baseline -0.002 -19"><span class='ocrx_word' id='word_1_280' title='bbox 361 3951 511 4026; x_wconf 78' lang='lat' dir='ltr'>lplumbo</span> <span class='ocrx_word' id='word_1_281' title='bbox 541 3951 689 4008; x_wconf 89' lang='lat' dir='ltr'>devinctis.</span> <span class='ocrx_word' id='word_1_282' title='bbox 744 3951 862 4008; x_wconf 87' lang='lat' dir='ltr'>Litteris</span> <span class='ocrx_word' id='word_1_283' title='bbox 892 3952 1005 4008; x_wconf 84' lang='lat' dir='ltr'>Latinis</span> <span class='ocrx_word' id='word_1_284' title='bbox 1035 3951 1206 4026; x_wconf 83' lang='lat' dir='ltr'>Graecisque</span> <span class='ocrx_word' id='word_1_285' title='bbox 1236 3963 1363 4028; x_wconf 88' lang='lat' dir='ltr'>utraque</span> <span class='ocrx_word' id='word_1_286' title='bbox 1393 3970 1453 4008; x_wconf 84' lang='lat' dir='ltr'>arcu</span> 
     </span>
     <span class='ocr_line' id='line_1_34' title="bbox 391 4056 1452 4132; baseline 0.001 -20"><span class='ocrx_word' id='word_1_287' title='bbox 391 4056 531 4132; x_wconf 84' lang='lat' dir='ltr'>inscripta</span> <span class='ocrx_word' id='word_1_288' title='bbox 552 4068 629 4126; x_wconf 89' lang='lat' dir='ltr'>erat,</span> <span class='ocrx_word' id='word_1_289' title='bbox 658 4057 687 4112; x_wconf 91' lang='lat' dir='ltr'>in</span> <span class='ocrx_word' id='word_1_290' title='bbox 710 4056 802 4113; x_wconf 87' lang='lat' dir='ltr'>altera</span> <span class='ocrx_word' id='word_1_291' title='bbox 823 4058 952 4113; x_wconf 85' lang='lat' dir='ltr'>Numam</span> <span class='ocrx_word' id='word_1_292' title='bbox 975 4056 1152 4131; x_wconf 87' lang='lat' dir='ltr'>Pompilium</span> <span class='ocrx_word' id='word_1_293' title='bbox 1174 4058 1341 4132; x_wconf 90' lang='lat' dir='ltr'>Pomponis</span> <span class='ocrx_word' id='word_1_294' title='bbox 1364 4059 1452 4125; x_wconf 87' lang='lat' dir='ltr'>filiun,</span> 
     </span>
     <span class='ocr_line' id='line_1_35' title="bbox 391 4162 1454 4236; baseline 0.001 -19"><span class='ocrx_word' id='word_1_295' title='bbox 391 4179 489 4236; x_wconf 85' lang='lat' dir='ltr'>regem</span> <span class='ocrx_word' id='word_1_296' title='bbox 519 4163 734 4231; x_wconf 87' lang='lat' dir='ltr'>Romanorum,</span> <span class='ocrx_word' id='word_1_297' title='bbox 772 4162 915 4235; x_wconf 90' lang='lat' dir='ltr'>sepultum</span> <span class='ocrx_word' id='word_1_298' title='bbox 944 4180 1022 4230; x_wconf 92' lang='lat' dir='ltr'>esse,</span> <span class='ocrx_word' id='word_1_299' title='bbox 1056 4163 1086 4218; x_wconf 93' lang='lat' dir='ltr'>in</span> <span class='ocrx_word' id='word_1_300' title='bbox 1119 4163 1212 4219; x_wconf 82' lang='lat' dir='ltr'>altera</span> <span class='ocrx_word' id='word_1_301' title='bbox 1239 4163 1333 4221; x_wconf 90' lang='lat' dir='ltr'>libros</span> <span class='ocrx_word' id='word_1_302' title='bbox 1359 4165 1454 4221; x_wconf 79' lang='lat' dir='ltr'>Numa</span> 
     </span>
     <span class='ocr_line' id='line_1_36' title="bbox 361 4265 1454 4341; baseline 0.003 -21"><span class='ocrx_word' id='word_1_303' title='bbox 361 4265 532 4341; x_wconf 88' lang='lat' dir='ltr'>5Pompilii</span> <span class='ocrx_word' id='word_1_304' title='bbox 552 4267 656 4325; x_wconf 91' lang='lat' dir='ltr'>inesse.</span> <span class='ocrx_word' id='word_1_305' title='bbox 699 4267 760 4323; x_wconf 84' lang='lat' dir='ltr'>Eas</span> <span class='ocrx_word' id='word_1_306' title='bbox 782 4285 867 4326; x_wconf 85' lang='lat' dir='ltr'>arcas</span> <span class='ocrx_word' id='word_1_307' title='bbox 890 4285 978 4341; x_wconf 90' lang='lat' dir='ltr'>quum</span> <span class='ocrx_word' id='word_1_308' title='bbox 1001 4286 1038 4323; x_wconf 86' lang='lat' dir='ltr'>ex</span> <span class='ocrx_word' id='word_1_309' title='bbox 1060 4267 1220 4324; x_wconf 88' lang='lat' dir='ltr'>amicorum</span> <span class='ocrx_word' id='word_1_310' title='bbox 1244 4271 1389 4326; x_wconf 88' lang='lat' dir='ltr'>sententie</span> <span class='ocrx_word' id='word_1_311' title='bbox 1408 4269 1454 4334; x_wconf 90' lang='lat' dir='ltr'>do·</span> 
     </span>
    </p>
   </div>
   <div class='ocr_carea' id='block_1_5' title="bbox 0 0 1746 5025">
    <p class='ocr_par' dir='ltr' id='par_1_6' title="bbox 0 0 1746 5025">
     <span class='ocr_line' id='line_1_37' title="bbox 0 0 1746 5025; baseline 0 0"><span class='ocrx_word' id='word_1_312' title='bbox 0 0 1746 5025; x_wconf 95' lang='lat' dir='ltr'> </span> 
     </span>
    </p>
   </div>
  </div>
 </body>
</html>
