3484 5025
602 518 680 568 neser
696 517 796 568 xxxr.
834 516 882 581 (A.
895 514 942 567 cn.
956 516 1028 580 που.)
1266 509 1305 576 23

291 702 390 759 Piraeo
406 704 538 761 Athenas
563 712 679 778 repente
703 703 793 759 duxit.
840 703 913 760 Inde
934 702 1083 777 eruptione
1104 702 1198 760 subita
1219 702 1347 778 peditum

292 808 481 883 equitumque
500 810 577 865 inter
597 809 744 883 angustias
766 807 894 864 semiruti
916 808 998 878 muri,
1026 808 1075 881 qui
1095 807 1219 865 brachiis
1235 808 1347 865 duobus

292 915 420 972 Piraeum
441 913 567 971 Athenis
587 913 694 988 iungit,
713 914 860 990 repulsus,
895 914 1002 971 omissa
1024 912 1238 990 oppugnatione
1259 912 1376 984 urbis,9

293 1020 388 1077 diviso
410 1037 476 1076 cum
498 1018 626 1078 Philocle
647 1037 746 1077 rursus
767 1019 904 1089 exercitu,
931 1019 968 1076 ad
991 1037 1077 1094 agros
1098 1020 1257 1077 vastandos
1278 1039 1346 1094 pro·

292 1127 404 1196 iectus,
439 1143 527 1199 quum
558 1127 683 1201 priorem
719 1125 934 1202 populationem
967 1125 1104 1201 sepulcris
1138 1125 1215 1183 circa
1246 1126 1346 1183 urbem

294 1231 442 1289 diruendis
459 1231 646 1302 exercuisset,
676 1251 712 1289 ne
741 1230 810 1305 quid
831 1231 999 1288 inviolatum
1021 1231 1208 1305 relinqueret,
1240 1232 1346 1306 templa
1362 1236 1398 1293 ll)

294 1340 389 1408 deum,
424 1356 488 1411 qua
515 1337 642 1410 pagatim
670 1345 785 1394 sacrata
815 1336 977 1407 habebant,
1012 1336 1086 1394 dirui
1117 1346 1204 1411 atque
1235 1337 1348 1395 incendi

295 1444 392 1513 iussit3
416 1452 445 1499 et
458 1451 561 1499 ornata
582 1460 617 1498 eo
638 1460 742 1517 genere
764 1460 882 1517 operum
899 1442 1003 1500 eximie
1015 1453 1093 1501 terra
1106 1442 1207 1501 Attica
1221 1450 1250 1499 et
1263 1444 1349 1519 copia
1362 1449 1394 1504 ll

296 1549 446 1608 domestici
478 1546 630 1604 marmoris
660 1557 688 1603 et
715 1547 836 1623 ingeniis
866 1549 1006 1606 artificum
1028 1549 1150 1624 praebuit
1170 1548 1236 1607 huic
1256 1548 1349 1621 furori

297 1655 458 1713 materiam.
504 1653 609 1727 Neque
638 1652 710 1710 euim
743 1654 855 1711 diruere
882 1654 969 1711 modo
991 1656 1055 1731 ipsa
1075 1654 1184 1731 templa
1205 1673 1239 1712 ac
1260 1656 1398 1716 simu-12

297 1763 374 1820 lacra
396 1767 526 1817 evertere
554 1758 624 1815 satis
654 1760 769 1831 habuit,
803 1761 854 1817 sed
878 1761 988 1836 lapides
1018 1781 1149 1837 qnoque,
1181 1780 1217 1818 ne
1244 1761 1349 1837 integri

297 1868 475 1927 cumularent
496 1863 609 1934 ruinas,
637 1863 734 1938 frangi
756 1866 848 1927 iussit.
902 1867 940 1924 Et
967 1878 1120 1944 postquam
1143 1886 1200 1926 non
1223 1878 1281 1925 tam
1303 1869 1398 1929 ira13

298 1976 409 2044 satiata,
432 1991 520 2046 quam
542 1971 592 2028 irae
613 1971 778 2027 exercenda
798 1972 921 2029 materia
941 1974 1055 2044 deerat,
1077 1991 1147 2048 agro
1168 1975 1294 2032 hostium
1318 1976 1348 2032 in

299 2081 439 2138 Bmotiam
464 2077 604 2146 excessit,
636 2095 689 2133 neo
716 2076 793 2134 aliud
821 2080 976 2154 quiequam
1006 2080 1123 2155 dignum
1152 2080 1292 2137 memoria
1318 2080 1347 2137 in

301 2186 411 2246 Graecia
436 2185 505 2260 egit.

375 2290 489 2349 Consul
511 2289 655 2366 Sulpicius
676 2308 710 2347 eo
732 2297 859 2365 tempore
873 2291 948 2348 inter
968 2290 1155 2365 Apolloniam
1178 2310 1212 2348 ac
1234 2292 1347 2367 Dyrra·
1398 2282 1443 2352 27

304 2399 388 2455 chium
412 2397 452 2453 ad
474 2398 588 2472 Apsum
609 2396 714 2452 flumen
746 2395 872 2452 habebat
901 2407 1012 2468 castra,
1045 2416 1102 2471 quo
1124 2396 1292 2454 arcessitum
1313 2398 1348 2454 L.

302 2504 454 2581 Apustium
492 2503 619 2579 legatum
657 2521 720 2559 cum
755 2511 838 2576 parte
876 2504 1021 2577 copiarum
1058 2502 1095 2560 ad
1131 2503 1361 2581 depopulandos,

301 2610 418 2668 hostium
455 2611 527 2666 fines
564 2607 660 2665 mittit.
720 2608 862 2682 Apustius
892 2620 1020 2666 extrema
1046 2609 1225 2668 Macedoniae
1255 2610 1377 2687 popu-2

301 2715 378 2787 latus,
402 2715 557 2790 Corrhago
572 2724 600 2770 et
615 2713 760 2771 Gerrunio
783 2724 812 2770 et
833 2712 960 2788 Orgesso
981 2715 1104 2773 castellis
1125 2718 1218 2793 primo
1239 2717 1348 2793 impetu
1388 2765 1391 2769 ,

303 2822 401 2897 captis,
437 2820 475 2878 ad
496 2820 715 2894 Antipatream,
751 2820 780 2875 iu
809 2818 941 2876 faucibus
973 2822 1100 2896 angustis
1127 2823 1211 2881 sitam
1237 2825 1347 2895 urbem,

303 2928 379 2987 veuit.
434 2929 482 2983 Ac
512 2927 605 3002 primo
632 2934 768 2983 evocatos
788 2926 931 3001 principes
954 2925 990 2981 ad
1012 2928 1201 3003 colloquium,
1221 2938 1261 2997 ,ut
1281 2927 1378 2985 fidei3

304 3032 495 3090 Romanorum
517 3049 548 3088 se
570 3031 787 3100 committerent,
815 3031 949 3106 pellicere
969 3040 1012 3088 est
1029 3045 1160 3104 conatum
1183 3034 1285 3092 deinde
1299 3034 1348 3092 ubi

304 3138 494 3214 magnitudine
515 3156 550 3194 ac
571 3137 712 3194 moenibus
734 3136 848 3211 situque
868 3137 948 3195 urbis
970 3137 1036 3195 freti
1056 3140 1132 3198 dieta
1152 3140 1347 3215 aspernaban-

305 3252 358 3313 tur,
388 3244 418 3300 vi
442 3253 531 3316 atque
549 3243 638 3300 armis
661 3242 779 3299 adortus
802 3243 995 3318 expugnavit,
1027 3245 1238 3320 puberibusque
1260 3246 1377 3301 inter-4

305 3346 394 3420 iactis,
429 3348 528 3424 praeda
560 3348 639 3404 omni
668 3347 805 3406 militibus
837 3367 988 3420 concessa,
1021 3350 1106 3406 diruit
1134 3368 1231 3407 muros
1261 3359 1348 3422 atque

306 3456 395 3512 ubam
426 3455 561 3512 incendit.
621 3454 678 3511 Hic
709 3461 802 3510 metus
834 3451 1023 3527 Codrionem,
1058 3457 1127 3512 satis
1158 3455 1285 3513 validum
1319 3458 1378 3512 et5

306 3562 436 3618 munitum
466 3562 623 3636 oppidum,
645 3560 707 3616 sine
736 3558 892 3617 certamine
913 3569 945 3616 ut
965 3561 1116 3618 dederetur
1136 3559 1283 3630 Romanis,
1304 3559 1346 3616 ef·

306 3664 372 3727 fecit.
421 3667 562 3724 Praesidio
584 3665 624 3721 ibi
645 3665 753 3734 relicto,
775 3662 883 3722 Cnidus
906 3667 1021 3741 (nomen
1042 3675 1161 3743 propter
1181 3668 1300 3724 alteram
1317 3666 1378 3726 ind

307 3772 371 3828 Asis
392 3773 492 3830 urbem
516 3791 602 3847 quam
625 3772 761 3847 oppidum
783 3771 892 3846 notius)
918 3773 946 3829 vi
971 3775 1091 3849 capitur.
1146 3775 1346 3832 Revertentem

307 3875 423 3952 legatum
458 3879 496 3934 ad
526 3877 672 3934 consulem
704 3895 768 3933 cum
799 3877 869 3934 satis
898 3898 1005 3954 magna
1025 3881 1123 3956 prada
1143 3881 1361 3954 Athenagoras·

309 3983 430 4055 qnidam,
464 3985 561 4059 regius
587 3982 755 4059 praefectus,
786 3983 816 4039 in
845 3985 965 4042 transitu
995 3987 1118 4044 fluminis
1146 4005 1165 4043 a
1190 3985 1346 4043 novissimo

311 4091 412 4162 sgmine
433 4091 568 4158 adortus,
598 4099 759 4164 postremos
788 4091 925 4147 turbavit.
976 4092 1027 4148 Ad
1049 4111 1170 4166 quorum
1193 4089 1377 4154 clamorem'l

310 4201 334 4249 ot
350 4187 567 4271 trepidationem
598 4214 685 4269 quum
714 4204 846 4252 revectus
878 4213 952 4268 equo
986 4216 1108 4273 propere
1135 4197 1246 4272 legatus
1265 4196 1348 4272 signa

311 4301 484 4359 convertisset
507 4310 552 4371 et,
574 4300 709 4358 coniectis
729 4300 759 4357 in
782 4301 905 4357 medium
928 4303 1057 4374 sarcinis,
1076 4304 1167 4361 aciem
1189 4303 1347 4375 direxisset,
1369 4323 1371 4328 ·
1460 4292 1464 4299 ¹
