3484 5025
471 532 531 589 216
774 529 853 580 Liber
870 529 929 583 XL.
947 479 992 589 (d.
1002 544 1028 579 u.
1040 544 1062 581 c.
1074 529 1147 593 5⁷2.)

429 714 596 789 ambiguum
623 733 720 789 regem
742 714 864 770 alterum
895 733 960 771 mea
990 724 1083 771 morte
1112 713 1234 772 faciam.
1292 716 1357 773 Nec
1380 714 1477 773 fratrem

428 839 482 878 nec
504 830 615 896 patrem
638 819 759 894 potestis
780 819 857 893 pati3
890 819 960 875 nihil
981 811 1057 888 cari,
1086 820 1160 876 nihil
1180 819 1277 877 sancti
1300 829 1357 888 cst;
1385 820 1411 875 in
1430 839 1477 876 our·

381 925 507 983 lilnium
539 925 631 981 vicem
660 925 741 999 regni
763 925 848 981 unius
869 923 1048 981 insatiabilis
1081 943 1181 981 amor·
1202 925 1353 982 successit.
1392 926 1478 1000 Agita

362 1043 370 1050 '
429 1031 625 1088 conscelerate
648 1048 733 1087 aures
755 1040 908 1105 paternas;
944 1028 1089 1086 decernite
1110 1030 1301 1100 criminibus,
1334 1030 1479 1087 maxiano

430 1137 588 1205 decreturi3
620 1135 706 1192 dicite
727 1136 845 1210 palam,
878 1135 1015 1209 quicquid
1046 1145 1097 1191 aut
1124 1136 1186 1192 veri
1210 1136 1336 1212 potestis
1361 1146 1409 1191 aut
1425 1137 1478 1193 libet

378 1245 417 1301 20
430 1241 617 1301 comminisci.
664 1242 812 1298 Reserate
834 1259 919 1297 aures
941 1248 1021 1310 sunt,
1053 1260 1118 1314 quae
1147 1243 1275 1315 posthac
1312 1242 1423 1299 secretis
1448 1242 1478 1297 al·

345 1354 347 1357 '
430 1347 518 1404 terius
541 1349 579 1403 ab
600 1347 691 1413 altero
713 1345 879 1403 criminibus
902 1346 1099 1408 claudentur.“
1134 1348 1210 1403 Haec
1225 1346 1329 1403 furens
1349 1348 1392 1404 ira
1411 1365 1479 1421 quun

431 1453 565 1521 dixisset,
596 1451 724 1508 lacrima
751 1452 886 1508 omnibus
914 1454 1037 1520 obortae,
1072 1463 1101 1509 et
1123 1453 1172 1508 diu
1199 1462 1334 1508 maestum
1359 1453 1479 1510 silentium

431 1558 531 1616 tenuit.
964 1537 967 1542 ¹

338 1652 357 1721 il
515 1664 591 1719 Tum
616 1664 755 1719 Perseus:
790 1661 978 1737 ,Aperienda
1008 1661 1142 1719 nimirum
1171 1674 1260 1719 nocte
1290 1664 1379 1720 ianua
1398 1663 1481 1720 initet

432 1768 536 1824 armati
569 1768 772 1824 comissatores
800 1768 959 1841 accipiendi
989 1769 1237 1842 praebendumque
1259 1767 1341 1826 ferro
1366 1769 1482 1844 iugulum,

433 1872 568 1945 quoniam
585 1892 643 1929 non
658 1873 784 1929 creditur
798 1873 851 1929 nisi
867 1882 1062 1947 perpetratum
1081 1872 1205 1943 facinus,
1228 1883 1258 1930 et
1282 1876 1384 1931 eadem
1399 1875 1483 1950 petitus

401 1976 542 2033 2insidiis
565 1978 668 2046 audio,
695 1998 759 2052 quae
783 1980 859 2035 latro
891 1988 978 2051 atque
999 1977 1161 2034 insidiator.
1211 1980 1284 2035 Non
1313 1980 1484 2054 nequicquam
1527 1977 1529 1996 '

432 2083 488 2150 isti,
511 2102 598 2140 unum
621 2082 802 2139 Demetrium
823 2069 913 2139 filium
936 2093 965 2140 te
986 2084 1104 2152 habere,
1128 2102 1174 2139 me
1190 2084 1342 2141 subditum
1360 2094 1389 2141 et
1405 2084 1487 2159 pellice

402 2188 559 2262 3genitum
590 2188 748 2263 appellant.
795 2190 874 2246 Nam
898 2190 922 2246 si
944 2189 1083 2263 gradum,
1115 2189 1141 2245 si
1168 2189 1326 2246 caritatem
1354 2191 1403 2246 filii
1426 2188 1487 2263 apud

345 2287 349 2303 ⁵
393 2330 396 2334 ι
433 2302 461 2349 te
482 2294 636 2362 haberem,
669 2313 727 2350 non
749 2294 777 2349 in
801 2314 847 2351 me
879 2306 1044 2367 querentem
1065 2296 1264 2370 deprehensas
1287 2295 1423 2364 insidias,
1450 2294 1488 2350 sed

403 2400 462 2454 tin
485 2418 567 2467 eum,
601 2398 804 2472 qui'fecisset,
842 2401 975 2470 saevires,
1011 2418 1063 2456 nec
1087 2400 1160 2456 adeo
1183 2400 1250 2455 vilis
1274 2401 1328 2457 tibi
1351 2402 1412 2457 vita
1431 2409 1489 2456 esset

433 2516 542 2573 nostra,
564 2514 595 2560 ut
616 2523 669 2560 nec
691 2507 835 2582 praeterito
859 2507 986 2582 periculo
1009 2527 1072 2562 meo
1095 2508 1267 2575 movereriS,
1291 2527 1387 2581 neque
1401 2505 1490 2571 futuro,

403 2612 457 2667 bei
479 2612 681 2667 insidiantibus
704 2615 740 2668 sr't
761 2614 887 2688 impune.
941 2614 1053 2687 Itaque,
1082 2613 1106 2668 si
1129 2613 1204 2668 mori
1228 2615 1351 2670 tacitum
1384 2621 1490 2687 oportet,

433 2727 590 2779 taceamus,
612 2718 721 2790 precati
745 2727 855 2773 tantum
879 2719 959 2785 deos,
980 2729 1010 2774 ut
1032 2737 1050 2773 a
1073 2737 1118 2772 me
1140 2729 1267 2793 coeptum
1293 2719 1390 2774 scelus
1411 2719 1437 2773 in
1456 2735 1491 2772 ne

403 2824 518 2878 bfinem
540 2824 656 2889 habeat,
678 2842 731 2878 nec
753 2843 805 2897 per
821 2843 915 2879 meum
939 2824 1013 2879 latus
1036 2834 1065 2879 tu
1089 2824 1212 2897 peteris3
1235 2823 1280 2879 sin
1299 2836 1408 2892 autem,
1428 2822 1490 2896 quod

433 2926 634 2982 circumventis
665 2929 693 2984 in
725 2929 878 2985 solitudine
905 2940 1009 2985 natura
1033 2930 1096 3003 ipsa
1126 2929 1257 2996 subiicit,
1294 2941 1327 2986 ut
1348 2929 1490 2992 hominum,

362 3071 366 3075 ·
434 3055 507 3111 quos
530 3054 677 3108 nunquam
700 3033 837 3101 viderint,
866 3035 951 3090 iidem
974 3046 1069 3089 tamen
1092 3033 1259 3107 implorent,
1298 3036 1369 3091 mihi
1392 3052 1491 3107 quoque

404 3140 540 3197 lierrum
575 3142 603 3197 in
632 3159 678 3195 me
705 3141 834 3195 strictum
863 3132 990 3196 cernenti
1017 3159 1117 3195 vocem
1142 3140 1257 3195 mittere
1289 3140 1372 3208 licet,
1403 3159 1450 3214 per
1469 3151 1490 3192 te

433 3248 557 3322 patrium
585 3265 706 3312 nornen,
740 3245 818 3318 quod
847 3246 904 3300 utri
926 3256 1054 3301 nostrum
1084 3247 1212 3302 sanctius
1234 3247 1290 3316 sit,
1313 3248 1371 3303 iam
1395 3246 1489 3321 pridem

433 3352 536 3420 sentis,
569 3352 610 3406 ita
633 3371 678 3405 rue
700 3350 802 3404 audias
828 3368 946 3424 precor,
981 3355 1118 3423 tanquam
1144 3354 1167 3408 si
1192 3370 1267 3408 voce
1291 3363 1320 3409 et
1342 3351 1490 3425 complora-

433 3456 511 3511 tione
533 3465 674 3511 nocturua
696 3456 806 3511 excitus
830 3456 899 3511 mihi
917 3456 1062 3529 quiritanti
1085 3457 1302 3525 intervenisses,
1324 3457 1489 3514 Demetrium

433 3581 497 3618 cum
524 3561 643 3617 armatis
666 3571 750 3616 nocte
771 3561 946 3635 intempesta
966 3562 995 3617 iu
1011 3561 1154 3638 vestibulo
1170 3581 1236 3617 meo
1254 3563 1489 3636 deprehendisses.

433 3665 520 3737 Quod
543 3677 602 3720 tum
625 3664 801 3721 vociferarer
821 3666 851 3720 in
870 3685 902 3721 re
917 3666 1050 3740 praesenti
1065 3665 1199 3738 pavidae,
1221 3668 1280 3724 hoc
1296 3687 1375 3723 nunc
1389 3676 1489 3741 postem

401 3770 478 3845 lidie
500 3789 614 3843 queror.
673 3771 792 3838 Frater,
826 3789 884 3825 non
906 3770 1121 3827 comissantium
1146 3770 1175 3826 in
1198 3772 1295 3828 vicem
1318 3776 1418 3828 areimis
1443 3771 1488 3826 ian

431 3876 479 3931 diu
502 3875 626 3931 vivimus
648 3875 722 3929 int-er
751 3893 818 3943 nos3
851 3893 974 3949 regnare
1001 3876 1100 3949 utique
1137 3875 1192 3931 vis.
1244 3877 1328 3933 Huic
1356 3877 1417 3951 spei
1446 3888 1490 3929 tua

431 3981 527 4036 obstat
553 3990 622 4035 retas
646 3998 724 4047 ntea,
754 3981 850 4035 obstat
874 3981 1001 4055 gentium
1026 3981 1087 4048 ius,
1115 3981 1213 4036 obstat
1242 3991 1379 4039 vetustus
1407 3983 1487 4038 Mace·

399 4085 523 4141 9doniae
545 4072 618 4153 ines,
640 4085 737 4140 obstat
759 4103 828 4141 vero
852 4087 937 4141 etiam
961 4085 1052 4158 patris
1074 4084 1223 4143 iudicium.
1261 4087 1339 4143 Haec
1358 4100 1487 4143 transceu-

430 4188 498 4243 dere
520 4189 573 4244 nisi
594 4209 646 4263 per
668 4209 762 4245 meum
785 4191 954 4265 sanguinem
985 4209 1043 4245 non
1065 4198 1158 4263 potes.
1207 4189 1321 4248 Omnia
1348 4192 1450 4248 moliris
1466 4198 1486 4242 et

429 4301 533 4352 tentas.
561 4294 668 4351 Adhuc
683 4313 733 4351 seu
749 4314 826 4354 cura.
840 4315 905 4351 mea
928 4314 978 4352 seu
1001 4295 1119 4352 fortuna
1140 4295 1247 4352 restitit
1267 4299 1425 4370 parricidio
1439 4309 1485 4350 tuo.
