3484 5025
578 395 658 446 urse
674 395 789 448 mu.
826 398 873 460 (a.
888 396 936 446 ou.
953 396 1026 458 ms.)
1246 399 1284 453 57

261 575 363 635 audito
385 561 501 654 purello,
523 580 602 654 quod
625 580 704 638 circa
725 599 839 638 amnem
851 582 949 639 Aoum
965 578 1074 637 factum
1097 587 1169 649 erat,
1190 577 1331 654 proximis

262 681 344 756 prins
360 685 503 742 evastatis
514 684 593 743 circa
604 684 760 761 Sperchias
774 695 803 743 et
814 687 946 754 Macran,
973 703 1059 759 quam
1074 693 1189 752 vocant,
1211 682 1334 754 Comen,

262 788 439 864 transgressi
469 784 538 848 inte
573 791 602 848 in
629 792 827 867 Thessaliam,
843 789 987 868 Cymenes
1017 799 1046 847 et
1075 787 1205 862 Angeias
1237 788 1332 864 primo

263 892 373 969 impetn
395 878 482 969 potiti
503 906 580 957 suut.
624 900 654 955 A
675 896 842 971 Metropoli,
864 896 931 953 dum
944 903 1170 969 vastantagros,
1191 910 1333 949 concursu
1349 893 1382 951 ll

265 998 479 1075 oppidanorum
503 1001 541 1058 ad
563 1002 671 1058 tuenda
692 1003 798 1059 moenia
819 1001 899 1058 fecto
920 999 1028 1075 repulsi
1050 1010 1126 1061 sunt.
1175 996 1334 1055 Callithera

265 1104 332 1161 inde
375 1106 508 1181 aggressi
551 1106 672 1165 similem
715 1108 855 1182 impetum
903 1105 1115 1181 oppidanorum
1158 1102 1334 1179 pertinacius

266 1210 479 1284 sustinuerunt,
509 1211 723 1286 compulsisque
744 1212 821 1269 intra
842 1211 967 1279 moenia,
997 1210 1046 1285 qui
1065 1219 1229 1285 eruperant,
1264 1214 1385 1269 con-12

266 1314 335 1371 tenti
376 1333 413 1373 ea
451 1315 590 1386 vinaria,
634 1317 702 1391 quia
740 1336 808 1393 spes
843 1317 923 1374 nulla
955 1316 1111 1373 admodum
1149 1311 1335 1389 expugnandi

267 1428 347 1489 erat,
391 1420 604 1479 abscesserunt.
667 1421 781 1480 Teuma
815 1423 882 1479 inde
917 1431 946 1479 et
978 1421 1136 1480 Celathara
1169 1419 1252 1476 vicos
1283 1438 1334 1475 ex·

268 1527 398 1599 pugnant
429 1523 638 1600 diripiuntqne;
675 1528 825 1586 Acharras
861 1547 914 1603 per
952 1526 1125 1584 deditionem
1155 1533 1334 1599 receperunt.
1352 1531 1386 1587 13

269 1631 374 1709 Xyniae
403 1629 491 1688 simili
520 1639 595 1688 metu
624 1650 641 1688 a
674 1632 832 1689 cultoribus
858 1632 979 1689 desertae
1006 1641 1082 1694 sunt.
1130 1633 1196 1689 Hoc
1218 1630 1335 1687 sedibus
1353 1638 1386 1693 14,

270 1736 326 1794 suis
347 1746 468 1794 extorre
489 1754 595 1811 agmen
616 1736 646 1794 iu
669 1735 831 1812 presidium
846 1736 955 1807 incidit,
980 1737 1059 1813 quod
1074 1738 1110 1794 ad
1122 1738 1335 1803 Thaumacum,

271 1859 325 1917 quo
346 1841 440 1899 tutior
460 1842 647 1900 frumentatio
671 1851 760 1912 esset,
782 1843 956 1912 ducebatur;
985 1843 1133 1900 incondita
1160 1841 1335 1913 inermisque

272 1925 440 2015 multitudo,
469 1945 561 2004 mixta
583 1948 690 2005 imbelli
710 1948 812 2016 turba,
841 1949 879 2004 ab
902 1947 1022 2005 armatis
1044 1965 1119 2004 caesa
1140 1957 1197 2014 est-3
1228 1944 1335 2019 quiae
1370 2020 1379 2030 ·

272 2052 389 2110 desertae
412 2052 594 2128 diripiuntur.
642 2052 786 2129 Cyphaera
810 2053 877 2110 inde
898 2053 992 2113 AEtoli
1015 2052 1142 2127 capiunt,
1173 2058 1335 2124 opportune
1353 2052 1386 2107 15

272 2156 406 2233 Dolopiae
425 2158 579 2216 imminens
601 2158 760 2217 castellum.
803 2160 876 2217 Haec
903 2158 1008 2233 raptim
1038 2156 1114 2213 iutra
1142 2173 1251 2230 paitcos
1273 2153 1335 2210 dies

273 2262 430 2320 abAEtolis
452 2273 549 2339 geste3
570 2282 624 2321 nec
635 2266 827 2341 Amynander
837 2276 925 2339 utque
938 2265 1119 2322 Athamanes
1140 2269 1208 2336 post
1225 2259 1333 2316 faulam
1351 2263 1387 2318 16

273 2385 417 2444 prosperae
438 2387 544 2445 pugnae
554 2370 751 2427 Romanorum
769 2372 949 2446 quieverunt.
984 2367 1119 2427 Ceterum
1137 2363 1335 2441 Amynander,
1392 2359 1430 2429 14

274 2473 339 2548 qnia
359 2491 415 2532 suo
438 2473 522 2532 militi
543 2493 645 2550 parum
667 2476 790 2547 fidebat,
820 2478 952 2553 petitos
982 2473 1099 2531 consule
1121 2470 1235 2530 modico
1259 2488 1335 2546 prte-

273 2577 353 2648 sidio,
363 2596 454 2653 quum
467 2579 621 2655 Gomphos
632 2592 752 2657 peteret,
764 2582 901 2657 oppidum
917 2581 1048 2656 protinus
1062 2578 1178 2635 nornine
1189 2578 1336 2644 Phaecent,

273 2684 355 2742 situm
377 2684 455 2742 inter
476 2685 631 2763 Gomphos
652 2687 810 2763 faucesque
832 2696 988 2762 angustas,
1011 2704 1075 2759 quse
1096 2686 1134 2741 ab
1157 2682 1336 2740 Athamania

274 2770 456 2847 Thessaliam
483 2791 635 2862 dirimunt,
664 2793 694 2849 vi
722 2792 807 2867 cepit.
851 2793 924 2850 Inde
948 2791 1103 2866 Gomphos
1134 2787 1252 2844 adortus
1282 2784 1366 2841 esti

274 2894 330 2952 Par
358 2895 475 2969 aliquot
496 2897 557 2954 dies
579 2914 693 2955 summa
715 2897 744 2954 vi
766 2905 879 2954 tuentes
904 2896 1020 2963 urbem,
1050 2912 1138 2969 quum
1160 2894 1220 2950 iarn
1241 2890 1336 2947 scalas

275 2999 310 3056 ad
330 2999 439 3056 moenia
463 3001 620 3071 erexisset,
651 3021 686 3061 eo
709 3003 823 3059 demum
847 3010 924 3057 metu
946 2999 1072 3074 perpulit
1091 2997 1128 3055 ad
1150 2996 1335 3056 deditionem.

275 3103 343 3162 Haec
363 3104 484 3162 traditio
508 3104 712 3182 Gomphorum
734 3107 880 3181 ingentem
903 3114 1041 3162 terrorem
1060 3103 1210 3161 Thessalis
1232 3101 1367 3159 intulitil

275 3206 419 3268 Dedidere
440 3195 576 3284 deinceps
597 3227 675 3280 sese,
697 3213 746 3285 qni
769 3212 902 3286 Argenta
924 3211 1031 3285 quique
1042 3208 1209 3268 Pherinium
1233 3216 1262 3263 et
1282 3206 1336 3263 Ti-

277 3330 384 3372 marum
405 3323 435 3372 et
452 3315 581 3391 Ligynas
604 3325 633 3373 et
654 3315 839 3392 Strymonem
862 3327 891 3373 et
910 3317 1069 3390 Lampsum
1093 3315 1201 3371 habent
1222 3312 1338 3384 aliaque

277 3420 393 3478 cmtella
413 3420 498 3478 iuxta
517 3421 667 3495 ignobilia.

353 3526 436 3584 Dum
463 3527 646 3584 Athamanes
667 3523 836 3598 AEtolique,
866 3536 1012 3583 summoto
1034 3524 1227 3583 Macedonum
1250 3525 1368 3593 metat

278 3628 304 3686 in
323 3631 419 3688 aliena
438 3631 561 3689 victoria
579 3649 661 3688 suam
672 3617 813 3706 ¹praedam
829 3630 949 3701 faciunt,
971 3630 1183 3704 Thessaliaque
1195 3630 1233 3685 ab
1245 3628 1337 3685 tribus

279 3734 356 3793 simul
368 3737 552 3807 exercitibus,
572 3737 691 3807 incerte,
713 3755 798 3811 quem
813 3736 925 3794 hostem
940 3756 1062 3812 quemve
1076 3735 1185 3793 socium
1198 3733 1337 3803 crederet,

279 3852 420 3912 Μαῖαν,
453 3841 554 3899 consul
581 3841 733 3908 faucibus,
761 3859 835 3914 quas
861 3840 934 3916 fuga
959 3840 1084 3898 hostiurn
1107 3847 1275 3915 aperuerat,
1307 3838 1368 3894 ini

230 3934 232 3939 ¹
282 3948 419 4023 wionem
435 3926 519 4023 Epiri
539 3955 747 4021 transgressus,
768 3945 821 4002 etsi
836 3945 1001 4021 probescit,
1024 3945 1069 4002 cui
1090 3946 1177 4021 parti,
1198 3941 1337 4016 Charopo
1372 3930 1375 3935 ’

283 4050 402 4129 principe
413 4060 546 4127 excepto,
568 4030 699 4128 Epirota
709 4050 859 4119 favissent,
882 4058 989 4121 tamen,
1006 4049 1075 4124 quia
1086 4050 1123 4106 ab
1139 4046 1337 4105 satisfaciendi
1351 4048 1368 4104 6

282 4171 386 4233 quoque
407 4174 481 4216 cura
493 4153 638 4233 imperata
652 4156 737 4213 enixe
758 4155 855 4213 facere
871 4155 961 4224 videt,
983 4173 1019 4211 ex
1030 4153 1164 4229 praesenti
1179 4170 1229 4209 eos
1241 4151 1338 4226 potius

284 4276 358 4332 quam
380 4280 418 4320 ex
440 4261 588 4338 preterito
611 4261 736 4318 aestimat
756 4261 871 4331 habitu,
894 4268 923 4318 et
944 4278 979 4317 ea
1000 4261 1065 4338 ipsa
1086 4259 1227 4319 facilitate
1246 4254 1342 4314 uenite
