3484 5025
484 512 540 569 tot
731 505 1210 573 lunamvmptucssr.)

408 696 586 771 Serpertem
609 693 721 751 consilii
741 694 875 752 debuisse
897 702 1018 752 matrem
1043 712 1115 766 esse,
1137 694 1237 752 lustum
1261 693 1470 770 Scipioueutsu
1516 701 1518 736 ¹

438 800 574 860 concordi
596 799 702 858 iudicio
724 794 751 859 ei
772 801 829 878 ipsi
850 801 1024 876 desponsam
1040 801 1239 877 respondime.
1271 801 1344 859 Haec
1364 801 1397 857 ds
1413 807 1472 858 uno
1517 810 1518 838 ³

437 907 519 977 viro,
553 925 719 981 quauquam
741 916 771 965 et
794 907 978 982 opinionibus
1001 917 1030 964 et
1051 906 1249 964 monumentis
1269 906 1423 964 litterarum
1438 925 1473 964 aa·
1517 917 1518 946 l

437 1014 556 1084 riareut,
577 1013 768 1089 proponenda
789 1022 881 1071 erant.

343 1112 384 1185 58
521 1118 655 1177 Iudiciis.
671 1138 689 1175 a
721 1118 757 1192 Q.
787 1119 925 1176 Terentio
957 1127 1081 1194 praetore
1111 1116 1270 1193 perlectis,
1302 1116 1476 1176 Hostiliusat
1517 1126 1518 1161 ἐ

437 1224 544 1282 Furius
566 1224 694 1283 damnati
715 1225 828 1301 praedes
859 1225 961 1282 eodem
990 1224 1037 1281 die
1058 1224 1254 1299 quaestoribus
1277 1223 1394 1282 urbanis
1412 1222 1476 1281 dede
1517 1232 1518 1264 l

406 1333 518 1397 2ruut3
539 1329 639 1405 Scipio
661 1348 749 1405 quum
774 1324 975 1401 contenderet,
1000 1349 1124 1400 omnem,
1147 1349 1238 1405 quam
1260 1330 1424 1405 accepisset,
1441 1346 1475 1404 pc·
1516 1337 1518 1371 ³

437 1436 551 1494 cuniam
573 1434 603 1492 in
623 1415 727 1493 edsio
749 1452 829 1503 esse,
860 1453 914 1493 nec
944 1453 976 1493 sa
1005 1436 1161 1511 quicquam
1183 1436 1297 1511 publici
1318 1434 1475 1506 habere,ia
1516 1444 1518 1478 ³

330 1601 332 1610 ,
405 1542 552 1603 avincula
574 1542 640 1599 duci
660 1551 704 1598 est
725 1519 845 1617 emptus.
880 1543 916 1600 P.
933 1541 1031 1618 Scipio
1046 1543 1157 1601 Nasica
1176 1542 1315 1601 tribunos
1337 1540 1474 1618 appellarit,
1516 1550 1518 1585 i

437 1648 657 1722 orationemque
684 1647 786 1705 habuit
811 1647 927 1723 planam
957 1649 1033 1705 veris
1054 1648 1209 1706 decoribus
1230 1667 1292 1705 non
1314 1647 1474 1706 communita
1516 1656 1518 1692 ῑ

406 1754 523 1814 tmodo
546 1752 687 1811 Corneliae
717 1753 827 1828 gentis,
859 1725 912 1811 sed
943 1754 1061 1830 proprie
1092 1753 1212 1811 familiae
1243 1772 1316 1812 suae.
1362 1756 1473 1814 Parente
1515 1763 1518 1799 :

435 1877 504 1917 suos
526 1868 554 1917 et
575 1861 611 1917 P.
632 1858 766 1917 Africani
787 1878 822 1916 ac
844 1861 879 1919 L.
902 1859 1056 1936 Scipionis,
1090 1860 1191 1935 quiin
1214 1878 1362 1919 carcerom
1382 1860 1472 1917 ducere
1515 1852 1518 1905 l

405 1972 492 2036 dtur,
512 1964 602 2023 fuisse
626 1964 681 2027 Cn.
704 1974 733 2021 et
753 1966 789 2023 P.
812 1965 973 2041 Scipiones,
994 1967 1170 2025 clarissimos
1192 1967 1283 2027 viros.
1320 1968 1389 2037 Eos,
1408 1983 1472 2042 quun
1515 1977 1518 2008 ³

319 2139 324 2148 ἱ
439 2088 491 2146 per
511 2070 624 2146 aliquot
653 2090 746 2129 annos
777 2071 806 2128 in
838 2051 918 2129 terra
938 2072 1083 2147 Hispania
1104 2072 1244 2130 adversus
1267 2072 1374 2131 multos
1393 2074 1472 2131 Peme
1515 2065 1518 2119 l

437 2196 501 2234 rum
523 2178 781 2253 Hispanorumque
813 2188 841 2235 et
873 2178 961 2236 duces
993 2188 1022 2234 et
1054 2178 1197 2235 exercitus
1225 2179 1353 2236 nominis
1376 2175 1472 2238 Roman
1514 2190 1518 2226 1

405 2282 546 2344 bfamam
567 2285 717 2341 auxissent
737 2302 796 2341 nou
819 2283 896 2341 bello
917 2284 1020 2352 solum,
1051 2283 1103 2340 sed
1125 2285 1204 2359 quod
1227 2286 1371 2344 Romana
1390 2294 1472 2360 temp·
1515 2297 1518 2330 2

434 2390 537 2447 rantiae
557 2390 682 2465 fideique
701 2391 847 2466 specimen
867 2389 924 2446 illis
944 2390 1077 2464 gentibus
1097 2390 1253 2462 dedissent,
1281 2392 1320 2449 ad
1340 2401 1471 2450 exmomuu
1515 2403 1518 2416 ¹

409 2497 526 2554 iambo
549 2516 602 2572 pro
624 2518 656 2555 re
676 2496 935 2573 publicanortem
962 2497 1140 2556 occubuisse.
1180 2496 1279 2570 Quum
1302 2497 1412 2556 illorum
1432 2496 1474 2573 glo

439 2603 512 2660 riam
534 2604 607 2661 tueri
629 2604 752 2679 posteris
773 2605 845 2660 satis
866 2613 951 2671 esset,
978 2604 1013 2662 P.
1035 2601 1207 2660 Africanum
1230 2614 1344 2661 tantum
1366 2614 1474 2681 patena

438 2708 627 2784 superiecisse
640 2709 751 2779 laudes,
773 2720 805 2768 ut
818 2711 904 2767 fidem
919 2708 1028 2784 fecerit,
1049 2726 1109 2765 non
1129 2710 1272 2784 sanguine
1294 2711 1425 2780 humano,
1441 2706 1474 2765 sel

408 2817 527 2890 8stirpe
549 2815 648 2873 divina
668 2827 761 2873 satum
784 2834 816 2873 se
837 2833 910 2876 esse.
953 2816 988 2876 L.
1011 2815 1194 2891 Scipionem,
1227 2816 1265 2872 ds
1298 2836 1357 2891 quo
1388 2824 1474 2892 agam,

438 2931 479 2989 ut,
501 2939 565 2994 quoe
578 2920 608 2977 iu
619 2921 773 2997 Hispania,
796 2939 860 2996 quoe
874 2921 904 2978 in
919 2920 1032 2991 Africa,
1057 2940 1144 2995 quum
1166 2921 1283 2996 legatus
1297 2922 1395 2980 fratris
1414 2928 1474 2985 ocul

437 3027 582 3101 gessisset,
603 3032 818 3102 praetereantur,
849 3028 996 3085 consulem
1019 3036 1048 3084 et
1072 3028 1108 3083 ab
1131 3037 1234 3085 senatu
1256 3029 1376 3105 dignum
1398 3029 1475 3093 vum

438 3132 484 3190 cui
505 3143 588 3190 extra
608 3143 714 3190 sortem
731 3134 806 3191 Asia
827 3135 977 3209 provincia
998 3143 1026 3190 et
1046 3132 1152 3189 bellum
1175 3150 1241 3190 cum
1263 3135 1410 3194 Antiocho
1428 3149 1475 3206 ιαμ

438 3218 655 3311 decerneretur:
670 3250 698 3296 et
722 3259 741 3296 a
762 3238 862 3310 fratrc,
892 3240 937 3296 cui
960 3249 1026 3315 post
1048 3239 1120 3296 duos
1143 3238 1314 3297 consulatus
1336 3256 1475 3298 censuram

406 3344 494 3421 sque
514 3355 544 3403 et
564 3347 739 3422 triumphum
760 3345 874 3421 legatus
896 3345 926 3401 in
948 3346 1051 3403 Asiam
1074 3345 1137 3402 iret.
1184 3345 1232 3403 Ibi
1265 3366 1303 3404 ne
1332 3343 1474 3423 magnitudo

437 3462 466 3506 et
487 3451 623 3526 splendor
643 3450 731 3526 legati
756 3452 891 3508 laudibus
925 3451 1050 3508 consulis
1072 3450 1217 3523 officeret,
1248 3452 1327 3511 forte
1359 3455 1399 3511 ita
1426 3450 1475 3509 inci·

437 3556 528 3627 disse,
561 3568 606 3624 ut,
641 3576 699 3631 quo
730 3557 776 3614 die
804 3558 842 3614 ad
867 3539 1049 3632 Magnesiam
1084 3558 1173 3633 signis
1206 3559 1322 3617 collatis
1346 3561 1380 3621 L.
1401 3556 1475 3632 Sc'plt

437 3662 613 3719 Antiochum
636 3662 804 3732 devicisset,
835 3681 912 3738 aeger
944 3665 979 3721 P.
1003 3664 1102 3739 Scipio
1124 3663 1212 3721 Elam
1242 3665 1356 3722 dierum
1389 3666 1477 3738 aliquot

387 3768 486 3828 lbvia
506 3769 628 3828 abesset.
671 3770 740 3827 Nou
761 3769 851 3827 fuisse
873 3770 1012 3826 minorem
1035 3788 1100 3826 eum
1122 3769 1282 3827 exercitum
1307 3791 1395 3845 quam
1415 3772 1477 3829 Hm

435 3873 549 3942 nibalis,
571 3893 636 3932 cum
658 3894 716 3950 quo
739 3876 769 3933 in
790 3875 894 3933 Africa
917 3884 992 3932 esset
1013 3886 1187 3950 pugnatum3
1209 3852 1407 3934 Hannibalem
1426 3891 1477 3932 auu·

436 3981 502 4037 deur
533 3979 624 4038 fuisse
654 3980 729 4039 inter
755 3982 860 4038 multos
890 3981 964 4038 alios
993 3980 1088 4056 regios
1119 3981 1226 4051 duces,
1260 3982 1311 4056 qui
1342 3983 1477 4058 imperator

436 4085 540 4145 Punici
561 4085 629 4144 belli
651 4087 746 4146 fuerit.
787 4089 826 4146 Et
848 4086 954 4145 bellum
978 4087 1099 4162 quidem
1114 4087 1156 4144 ita
1177 4099 1294 4162 gestum
1317 4099 1477 4160 essentne

387 4196 419 4251 ll
435 4191 581 4250 fortunam
604 4193 720 4268 quidem
742 4193 895 4268 quisquam
917 4193 1062 4252 criminari
1083 4193 1192 4268 possit;
1223 4186 1254 4250 iu
1288 4213 1363 4270 pace
1393 4193 1476 4253 crim

435 4299 540 4373 quarn
574 4318 639 4356 eam
670 4299 727 4357 dici
754 4300 876 4357 venisse.
919 4301 977 4359 Hic
1007 4301 1107 4357 decem
1140 4299 1257 4375 legatos
1289 4302 1376 4360 simul
1404 4295 1477 4374 argt‘t
