3484 5025
434 528 492 585 tta
684 525 763 575 Liber
780 525 911 579 XXXIV.
949 524 1073 587 (aas
1089 522 1161 587 sss.)

388 708 480 767 ferme
507 708 667 784 principum
692 707 849 763 iuventutis
870 705 970 775 iussit,
1000 714 1087 779 atque
1110 723 1177 775 eos,
1208 713 1241 760 ut
1272 706 1363 781 quisqu

389 830 494 869 nomen
522 812 728 886 responderat,
765 811 794 867 in
825 810 986 867 custodiam
1016 809 1147 876 tradidit3
1184 820 1272 867 nocte
1301 811 1363 870 inse

357 914 661 983 llomnesinterfecti.
712 915 854 972 Ilotarum
884 914 987 970 deinde
1015 914 1133 987 quidam
1161 915 1203 988 (hi
1225 924 1295 971 sunt
1314 914 1363 972 ian

388 1021 547 1095 antiquitus
586 1018 752 1088 castellani,
795 1028 911 1093 agreste
950 1021 1069 1093 genus),
1110 1018 1296 1093 transfugere
1336 1038 1363 1076 vt

389 1124 560 1194 insimulati,
596 1142 648 1198 per
684 1141 785 1179 omnes
817 1122 898 1180 vicos
935 1123 989 1179 sub
1017 1122 1186 1179 verberibus
1220 1123 1280 1179 acti
1313 1142 1363 1180 nec

389 1230 457 1286 Hoc
486 1237 598 1285 terrore
623 1228 833 1302 obstupuerant
860 1227 1049 1284 multitudinis
1078 1226 1168 1283 animi
1191 1229 1229 1284 ab
1253 1228 1363 1286 omnis

339 1340 375 1394 10
388 1352 531 1390 novorum
564 1330 760 1391 consiliorum.
821 1332 905 1389 Intra
939 1332 1112 1389 munitiones
1148 1332 1248 1407 copias
1286 1333 1363 1390 conti

388 1456 442 1495 nec
470 1456 571 1512 parem
594 1454 627 1493 se
647 1444 745 1506 ratus,
776 1436 800 1492 si
822 1436 961 1493 dimicare
983 1436 1046 1492 acie
1067 1436 1168 1505 vellet,
1199 1445 1229 1493 et
1251 1438 1354 1495 urbem

389 1561 477 1617 quere
499 1551 559 1598 tam
581 1540 729 1615 suspensis
751 1549 780 1597 et
800 1540 916 1597 incertis
939 1540 1066 1597 omnium
1090 1540 1193 1596 animis
1215 1550 1356 1602 metuens.

291 1646 338 1715 28
473 1646 634 1718 Quinctius,
655 1644 726 1700 satis
747 1644 806 1700 iam
830 1646 965 1702 omnibus
987 1646 1107 1720 paratis,
1127 1644 1277 1720 profectus
1294 1646 1362 1703 abs

387 1751 434 1807 die
456 1751 548 1806 altero
570 1750 608 1806 ad
621 1749 774 1809 Sellasiam
790 1768 879 1825 super
893 1750 1027 1806 OEnunta
1042 1749 1160 1805 fluvium
1183 1749 1327 1824 pervenit,
1351 1769 1363 1824 c

387 1855 452 1911 loco
468 1854 635 1929 Antigonus
646 1854 840 1910 Macedonum
858 1872 911 1909 rex
926 1872 991 1910 cum
1004 1852 1160 1911 Cleomene
1169 1854 1363 1912 Lacedaemon

356 1966 512 2034 2tyranno
532 1958 621 2033 signis
640 1958 754 2014 collatis
770 1958 924 2015 dimicasse
940 1954 1099 2015 dicebatur.
1133 1958 1207 2015 Inde
1224 1976 1314 2032 quum
1334 1979 1363 2016 at

389 2063 558 2120 descensum
581 2060 705 2119 difficilis
728 2072 757 2118 et
778 2071 849 2119 aruc
863 2063 918 2118 viee
932 2080 1005 2133 esse,
1026 2062 1108 2119 brevi
1130 2081 1182 2137 per
1204 2072 1319 2120 montes
1341 2064 1363 2121 ci

389 2167 562 2241 proemissis,
591 2167 640 2241 qui
662 2166 807 2223 munirent
827 2165 922 2234 viam,
949 2166 1009 2224 lato
1031 2167 1102 2223 satis
1125 2176 1153 2223 et
1174 2168 1285 2242 patenti
1307 2168 1363 2225 limi

389 2270 531 2328 Eurotam
554 2290 678 2341 amnem,
700 2272 754 2327 sub
775 2271 847 2345 ipsis
868 2290 961 2346 prope
981 2257 1115 2327 fluentem
1138 2272 1297 2343 moenibus,
1319 2292 1364 2348 per

358 2377 449 2439 3Ubi
492 2384 589 2432 castra
628 2384 770 2432 metantes
810 2375 961 2431 Romanos
999 2375 1223 2450 Quinctiumque
1262 2377 1357 2452 ipsum

389 2480 534 2554 equitibus
557 2489 645 2554 atque
666 2478 809 2554 expeditis
830 2497 1022 2554 praegressum
1046 2479 1202 2538 auxiliares
1226 2483 1343 2557 tyranni

387 2586 579 2641 interrorem
602 2603 637 2640 ac
658 2583 810 2640 tumultum
835 2583 1037 2653 coniecerunt,
1068 2585 1139 2640 nihil
1168 2585 1227 2641 tale
1251 2597 1363 2661 exspect

388 2688 457 2763 quia
488 2706 573 2743 nemo
606 2687 642 2743 iis
676 2685 780 2742 obvius
812 2694 874 2742 toto
905 2687 1007 2743 itinere
1038 2687 1135 2745 fuerat
1167 2707 1201 2745 ac
1234 2691 1326 2748 veluti
1355 2711 1363 2767 1

356 2803 461 2867 «tagre
503 2791 686 2849 transierant.
743 2791 936 2864 Aliquamdin
968 2792 1113 2866 peditibus
1147 2793 1274 2866 equites,
1319 2815 1363 2870 eqr

389 2897 501 2972 pedites
531 2896 719 2966 vocantibus,
762 2914 850 2969 quum
890 2895 920 2950 in
961 2913 993 2952 se
1029 2896 1133 2971 cuique
1164 2898 1317 2957 minimum
1350 2902 1363 2957 d

358 3011 479 3070 5esset‚
507 3000 682 3075 trepidatum
712 3009 772 3068 est3
801 3000 918 3056 tandem
947 3000 1031 3075 signa
1054 3000 1200 3075 legionum
1223 3021 1363 3078 superven

389 3115 434 3176 et,
470 3124 558 3179 quum
588 3104 673 3178 primi
695 3103 818 3177 agminis
840 3107 974 3162 cohortes
995 3105 1120 3162 inductae
1147 3106 1178 3163 in
1199 3108 1363 3182 proelium«

389 3211 438 3285 qui
460 3211 547 3267 modo
569 3208 673 3266 terrori
694 3206 824 3279 fuerant,
846 3209 1024 3284 trepidantes
1045 3209 1075 3265 in
1097 3211 1198 3266 urbem
1220 3214 1362 3289 compulsi

357 3315 524 3380 euomant
540 3332 628 3388 quum
657 3321 770 3369 tantum
800 3332 819 3369 a
847 3331 931 3369 muro
961 3314 1164 3386 recessissent,
1196 3326 1227 3372 ut
1259 3328 1345 3381 extra

386 3418 435 3476 teli
458 3427 567 3488 essent,
597 3417 660 3473 acie
689 3417 799 3473 directa
826 3417 976 3492 paulisper
1004 3425 1155 3488 steterunt3
1187 3430 1345 3497 postquam

357 3523 511 3579 lhostium
545 3532 647 3580 contra
678 3521 794 3592 exibat,
834 3521 983 3578 redierunt
1024 3522 1054 3577 in
1094 3533 1199 3584 castra.
1256 3528 1363 3585 Poster

386 3625 537 3697 Quinctius
575 3643 669 3701 prope
702 3625 810 3681 flumen
848 3635 954 3699 praeter
994 3628 1095 3683 urbem
1129 3629 1183 3684 sub
1216 3629 1299 3704 ipsas
1332 3632 1363 3688 M

386 3730 491 3784 montis
532 3730 645 3786 radices
688 3729 794 3786 ducere
835 3729 936 3803 copias
985 3730 1139 3788 instructas
1190 3735 1303 3808 pargit;
1356 3755 1363 3810 1

385 3832 551 3906 legionariae
579 3833 713 3889 cohortes
739 3833 836 3901 ibant;
869 3832 942 3890 levis
974 3844 1123 3892 armatura
1153 3846 1182 3893 et
1212 3840 1325 3913 equites
1353 3858 1363 3897 ι

354 3938 537 4010 Scogebant.
578 3937 673 3994 Nabis
694 3937 772 3993 intra
793 3956 906 3994 murum
928 3938 1083 3995 instructos
1104 3951 1286 4017 paratosque
1300 3945 1351 4001 sub

385 4040 513 4097 habebat
534 4041 728 4097 mercenarios
750 4040 869 4111 milites,
891 4041 921 4096 in
944 4043 1047 4115 quibus
1070 4044 1163 4101 omnis
1185 4047 1293 4105 fiducia
1317 4067 1363 4106 era

354 4145 422 4200 tlab
453 4155 534 4219 tergo
565 4145 679 4201 hostem
709 4145 925 4220 aggrederetur.
981 4148 1143 4221 Postquam
1166 4159 1363 4209 extremuma

384 4248 531 4321 praeteriit,
553 4256 613 4303 tum
635 4249 673 4304 ab
696 4249 805 4323 oppido
827 4250 939 4321 eodem,
962 4270 1019 4325 quo
1034 4253 1127 4327 pridie
1144 4267 1309 4331 eruperant,
1330 4265 1363 4313 tut

328 4355 371 4410 ll)
380 4350 514 4424 pluribus
537 4350 622 4406 simul
642 4351 714 4408 locis
737 4362 899 4426 erumpunt.
948 4357 1028 4429 App.
1041 4354 1180 4414 Claudius
1198 4378 1302 4435 agmen
1316 4379 1363 4435 cog
