3484 5025
481 520 540 577 212
745 516 823 566 ntea
839 515 955 570 xxxv.
993 517 1116 579 (auc.
1130 517 1204 580 aaa.)

437 702 512 760 diem
535 710 708 774 noctemque
731 700 852 758 edificia
873 700 904 757 in
925 701 1055 758 Tiberim
1077 718 1165 757 versa
1185 718 1302 769 arsere,
1326 700 1495 774 tabemque.

437 826 537 865 ontnes
559 826 623 863 cum
646 806 744 881 magni
765 805 850 881 pretii
872 806 1015 863 mercibus
1039 806 1307 880 conflagraverunt.

340 912 380 980 41
519 914 583 970 Iam
603 911 664 969 fere
682 912 712 967 in
732 910 810 967 exitu
830 930 922 968 annus
941 920 1013 980 erar,
1037 920 1067 968 et
1088 909 1200 967 indies
1223 909 1321 986 magis
1335 909 1453 968 etiams
1463 907 1495 966 ds.

404 1018 511 1079 ibello
527 1017 666 1075 Antiochi
685 1027 798 1074 etcum
815 1017 946 1091 patribus
965 1017 1121 1074 crescebat.
1177 1016 1286 1089 Itaque
1301 1015 1339 1072 de
1353 1013 1493 1090 provincii

435 1124 651 1198 designatorum
693 1123 929 1197 magistratuum,
972 1140 1031 1196 quo
1065 1121 1235 1178 intentiores
1268 1130 1370 1178 essem
1399 1135 1491 1188 otum

405 1228 541 1303 3agitari
569 1236 694 1301 coeptum
724 1237 775 1286 est.
824 1227 1007 1296 Decrevere,
1036 1236 1068 1283 ut
1089 1226 1257 1284 consulibus
1281 1225 1373 1284 ltalia
1400 1235 1428 1282 ct
1444 1241 1492 1298 qu

436 1343 554 1390 senatus
592 1330 750 1389 censuisset
792 1334 868 1403 (eam
909 1350 973 1389 esse
1010 1332 1117 1389 bellum
1151 1331 1295 1389 adversus
1328 1329 1494 1390 Antiochen.

405 1448 533 1514 cregem
556 1454 656 1493 omnes
678 1436 819 1508 sciebant)
842 1436 999 1512 provincias
1020 1446 1133 1506 essent3
1160 1435 1243 1494 cuius
1273 1454 1312 1494 aa
1337 1453 1404 1493 sors
1422 1441 1493 1504 Μ,-

436 1552 574 1619 quattuor
596 1541 686 1598 millia
706 1541 835 1616 peditum
851 1542 956 1600 civium
970 1544 1169 1601 Romanorum
1193 1551 1223 1599 et
1244 1542 1370 1600 macenti
1389 1540 1492 1616 equits

436 1666 489 1705 sex
511 1648 602 1705 millia
623 1646 733 1704 socium
753 1648 851 1704 Latini
873 1648 998 1706 nominis
1025 1667 1088 1705 cum
1118 1646 1342 1721 quadringentis
1365 1644 1492 1720 equitib*

406 1762 503 1818 5sunt
534 1753 659 1808 decreta.
717 1753 829 1809 Eorum
861 1753 996 1811 dilectum
1024 1755 1133 1811 habere
1163 1752 1199 1811 L.
1224 1750 1381 1824 Quinctius
1407 1743 1489 1806 cunni

435 1857 545 1926 iussus,
582 1877 618 1914 ne
652 1858 721 1932 quid
750 1868 929 1927 moraretur,
964 1877 1021 1933 quo
1050 1858 1145 1915 minus
1176 1855 1281 1913 consul
1309 1869 1417 1923 novus,
1441 1865 1499 1926 qv·

406 1972 553 2030 esenatus
590 1961 765 2033 censuisset,
809 1963 957 2038 extemplo
999 1962 1143 2038 proficisci
1179 1969 1291 2037 posset.
1361 1961 1431 2018 Item
1458 1953 1486 2012 dr

436 2068 593 2143 provinciis
628 2077 783 2143 pratorum
819 2069 966 2127 decretum
1002 2079 1059 2138 est,
1100 2068 1196 2143 prima
1228 2076 1262 2124 ut
1292 2083 1360 2124 sore
1389 2061 1488 2140 mpla,

430 2174 606 2247 urbanaque
642 2183 671 2230 et
711 2173 785 2229 inter
823 2171 902 2231 cives
945 2192 979 2229 ac
1015 2173 1182 2248 peregrinos
1223 2171 1387 2230 iurisdictio
1418 2173 1488 2236 w,

434 2281 562 2337 secunda
598 2278 718 2348 Bruttii,
755 2277 840 2336 tertia
875 2278 989 2348 classis,
1028 2289 1059 2334 ut
1091 2279 1260 2353 navigaret,
1298 2295 1358 2352 quo
1389 2281 1488 2332 smum

434 2385 606 2455 censuisset,
643 2392 747 2458 quarta
781 2382 895 2453 Sicilia,
932 2384 1032 2458 quinta
1064 2384 1215 2454 Sardinia,
1249 2391 1336 2439 sexta
1362 2375 1485 2455 ritune

406 2490 562 2548 luiterior.
611 2491 790 2564 Imperatum
822 2499 963 2564 praeterea
995 2490 1030 2551 L.
1064 2489 1200 2563 Quinctio
1232 2487 1347 2546 consuli
1378 2495 1431 2554 est,
1457 2489 1486 2541 1.

435 2596 510 2652 duas
551 2595 680 2670 legiones
720 2595 825 2652 civium
867 2597 1067 2653 Romanorum
1108 2611 1201 2650 novas
1241 2593 1430 2651 conscriberet
1459 2594 1480 2647 d

435 2700 547 2757 socium
571 2718 606 2756 ac
622 2701 719 2757 Latini
740 2700 865 2757 nominis
887 2700 990 2776 viginti
1011 2700 1101 2758 millia
1122 2698 1250 2774 peditum
1275 2708 1304 2756 et
1326 2699 1490 2773 octingento-

427 2805 557 2879 ‚equitea
592 2806 668 2862 Eum
682 2806 838 2863 exereitum
852 2806 979 2881 praeton',
1000 2806 1045 2864 cui
1064 2803 1170 2862 Bruttii
1185 2803 1338 2878 provincia
1354 2801 1484 2867 evanum,
1501 2840 1504 2845 -

434 2911 633 2970 decreverunt.

405 3019 422 3074 8
518 3018 612 3075 AEdes
645 3015 709 3071 duae
740 3015 806 3071 Iovi
839 3035 874 3072 eo
913 3034 989 3074 anno
1025 3015 1054 3070 in
1081 3012 1227 3088 Capitolio
1257 3011 1397 3071 dedicatas
1421 3016 1480 3069 snt

435 3122 568 3180 Voverat
606 3123 641 3181 L.
674 3121 782 3179 Furius
815 3121 961 3196 Purpurio
997 3129 1104 3195 praetor
1136 3118 1253 3178 Gallico
1292 3118 1369 3176 bello
1405 3132 1481 3181 amn,

403 3229 557 3286 balteram
580 3226 696 3296 consul;
719 3227 864 3284 dedicavit
885 3227 921 3298 Q.
943 3226 1071 3282 Marcius
1093 3222 1180 3282 Ralla
1200 3223 1347 3284 duumvir.
1392 3217 1480 3281 luunt

428 3333 463 3388 vin
485 3331 664 3389 feneratores
687 3351 721 3388 eo
744 3350 821 3388 anno
844 3332 935 3388 inulta
957 3349 1056 3387 severe
1084 3338 1151 3387 sunt
1177 3327 1275 3397 facta,
1301 3326 1478 3389 mommolus

434 3439 566 3512 privatos
599 3437 728 3494 aedilibus
763 3437 910 3494 curulibus
942 3438 983 3496 M.
1013 3436 1123 3493 Tuccio
1156 3445 1184 3492 et
1216 3436 1251 3492 P.
1283 3436 1370 3492 Iunio
1397 3436 1476 3492 Bne

385 3548 422 3601 ¹0
435 3544 482 3600 De
504 3544 596 3600 multa
617 3545 821 3600 damnatorum
845 3541 995 3617 quadrigae
1016 3543 1157 3599 inauratae
1178 3541 1207 3597 in
1223 3538 1373 3615 Capitolio
1392 3534 1475 3615 puell*

435 3659 464 3704 et
494 3649 523 3705 in
553 3648 625 3705 cella
653 3649 734 3705 Iovis
771 3666 860 3724 supra
889 3647 1037 3722 fastigium
1068 3645 1195 3702 aediculae
1225 3645 1379 3704 duodecim
1406 3642 1473 3717 clip

422 3753 582 3819 ‚inaurata3
611 3761 640 3809 et
669 3754 756 3811 iidem
785 3752 928 3828 porticum
956 3761 1039 3808 extra
1063 3762 1177 3825 portam
1201 3749 1400 3824 Trigeminam
1422 3746 1475 3805 istc

435 3858 573 3933 lignarios
594 3858 730 3917 fecerunt.

339 3960 383 4030 42
520 3964 641 4020 latentis
663 3964 692 4020 in
714 3973 886 4038 apparatum
910 3961 979 4019 novi
1001 3962 1067 4018 belli
1084 3961 1226 4019 Romanis
1245 3980 1284 4018 ne
1302 3963 1341 4019 ab
1356 3956 1473 4021 Antiutb

404 4069 550 4143 2quidem
574 4071 752 4126 cessabatur.
801 4070 876 4125 Tres
898 4086 963 4124 eum
986 4066 1117 4124 civitates
1139 4068 1294 4137 tenebant,
1321 4066 1472 4145 Zmyrnae

434 4175 623 4232 Alexandrea
645 4177 741 4233 Troas
772 4184 801 4232 et
829 4176 1025 4248 Lampsacus,
1057 4190 1131 4245 quas
1158 4192 1252 4247 neque
1282 4173 1313 4231 vi
1334 4182 1474 4250 expngw

435 4280 473 4336 ad
517 4301 580 4337 eam
622 4280 696 4336 diem
733 4288 848 4354 poterat
889 4297 983 4352 neque
1025 4278 1241 4336 condicionibus
1278 4280 1306 4335 in
1344 4276 1472 4337 amicitiae
