3484 5025
583 518 660 569 eruor
676 518 777 571 xxxa
813 519 861 583 (a,
875 518 1005 580 euaoo.)
1242 519 1280 574 25

271 699 349 770 ratis,
370 701 528 774 postulant,
550 710 579 758 et
600 712 685 760 antea
707 714 826 780 propter
846 722 900 761 vos
911 715 940 761 et
951 723 1004 780 pro
1015 705 1099 762 vobis
1113 721 1195 761 arma
1209 709 1324 777 sumpta

275 805 409 864 adversus
430 826 496 864 eum
517 807 706 879 simulabant,
728 828 803 866 nunc
827 828 880 867 vos
900 811 931 867 in
951 830 1024 886 pace
1039 827 1176 867 esseeum
1188 808 1324 883 Philippo

277 912 433 985 prohibent.
489 912 633 969 Messanae
663 924 695 970 ut
727 915 835 972 auxilio
867 926 979 986 essent,
1011 916 1104 992 primo
1138 914 1167 970 in
1197 912 1356 971 Siciliamb

220 1071 221 1080 ,
280 1018 521 1086 transcenderunt;
547 1018 659 1088 iterum,
693 1028 725 1076 ut
746 1019 905 1095 Syracusas
928 1039 1082 1097 oppressas
1111 1021 1148 1077 ab
1171 1018 1325 1093 Carthagi·

282 1122 417 1180 aiensibus
438 1122 469 1179 in
490 1122 650 1182 libertatem
673 1127 848 1197 eximerent;
875 1138 903 1184 et
928 1128 1091 1183 Messanam
1116 1137 1144 1182 et
1166 1124 1355 1201 Syracusss'l

288 1237 412 1285 ettotam
435 1229 562 1287 Siciliam
584 1230 640 1306 ipsi
660 1233 776 1301 habent,
797 1234 1024 1308 vectigalemque
1046 1231 1223 1305 provinciam
1246 1249 1326 1287 seeu-

233 1369 235 1374 ·
288 1334 352 1392 ribus
384 1346 414 1392 et
444 1335 573 1393 fascibus
604 1337 794 1398 subiecerunt.
838 1339 961 1406 Scilicet,
991 1337 1064 1393 sicut
1091 1355 1145 1392 vos
1179 1334 1358 1409 Naupacti8

248 1521 250 1526 Ι
290 1439 384 1515 legibus
406 1441 511 1497 vestris
537 1460 589 1515 per
616 1444 801 1518 magistratus
823 1463 841 1500 a
861 1443 946 1499 vobis
970 1452 1081 1499 creatos
1103 1442 1252 1499 concilium
1274 1444 1327 1499 ha·

219 1590 222 1598 r
291 1545 357 1617 betis,
377 1547 489 1604 socium
505 1548 675 1622 hostemque
695 1550 792 1619 libere,
815 1568 899 1624 quem
922 1549 1024 1618 velitis,
1047 1548 1156 1617 lecturi,
1178 1566 1278 1624 pacem
1294 1566 1328 1605 ac

219 1691 227 1713 t·
293 1652 379 1709 bellum
402 1653 523 1711 arbitrio
544 1654 670 1711 habituri
685 1665 792 1725 restro,
814 1656 855 1715 sic
869 1656 1030 1715 Siculorum
1054 1654 1216 1711 civitatibus
1239 1653 1329 1729 Syra-

222 1768 230 1777 '
294 1776 359 1815 cussa
379 1769 431 1817 aut
445 1760 611 1816 Messanam
635 1770 685 1816 aut
695 1761 854 1836 Lilybaeum
875 1761 1010 1819 indicitur
1023 1760 1184 1818 concilium.
1218 1762 1360 1822 Praetori)

220 1873 234 1915 f
260 1909 262 1914 .
293 1863 425 1939 Romanm
446 1876 604 1922 conventus
628 1866 703 1941 agit3
737 1884 771 1923 eo
793 1868 914 1943 imperio
942 1868 1054 1925 evocati
1076 1868 1261 1937 conveniunt3
1280 1886 1331 1923 ex·

293 1970 353 2028 salso
372 1971 404 2028 in
425 1982 563 2048 suggestu
583 1973 709 2048 superba
732 1973 797 2030 iura
816 1974 992 2043 reddentem,
1026 1974 1161 2048 stipatum
1183 1974 1331 2031 lictoribus

292 2076 387 2147 sident3
409 2078 501 2153 virgae
514 2088 606 2154 tergo,
628 2098 742 2157 secures
763 2080 922 2137 cervicibus
943 2079 1104 2148 imminent3
1127 2090 1155 2137 et
1178 2080 1331 2154 quotannis

220 2192 223 2201 '
264 2243 266 2248 ,
293 2181 363 2240 oium
386 2194 475 2258 etque
497 2183 584 2241 alium
609 2186 754 2243 domiuum
777 2186 942 2245 sortiuntur.
986 2186 1050 2243 Nec
1069 2185 1098 2241 id
1120 2187 1218 2244 mirari
1228 2186 1332 2244 debent
1348 2190 1385 2245 10

220 2329 221 2335 κ
293 2297 332 2344 aut
348 2300 480 2363 possunt,
502 2310 590 2365 quum
611 2291 704 2349 Italiae
724 2294 820 2361 urbes,
841 2292 973 2366 Regium,
998 2293 1166 2360 Tarentum,
1191 2288 1332 2363 Capuam,

296 2408 324 2450 ue
337 2394 482 2466 finitimas,
505 2415 626 2471 quarum
648 2397 737 2454 ruinis
748 2398 837 2454 crevit
858 2398 927 2454 urbs
940 2399 1044 2466 Roma,
1066 2396 1220 2464 nominem,
1242 2395 1332 2451 eidem

295 2498 421 2558 subiectas
443 2502 561 2560 videant
581 2503 712 2579 imperio.
768 2502 871 2578 Capua
893 2504 1006 2579 quidem
1029 2502 1190 2578 sepulcrum
1214 2519 1248 2557 ac
1269 2519 1334 2557 mo·
1349 2506 1380 2561 ll

294 2616 444 2664 numentum
468 2607 611 2684 Campani
625 2611 734 2685 populi,
756 2611 832 2668 elato
857 2620 886 2666 et
907 2609 1015 2666 extorri
1038 2608 1128 2665 eiecto
1139 2607 1203 2682 ipso
1215 2606 1333 2682 populo,

295 2724 417 2786 superest,
440 2715 509 2772 urbs
529 2723 640 2786 trunca,
662 2717 724 2774 sine
744 2726 856 2787 senatu,
878 2716 939 2772 sine
960 2715 1052 2790 plebe,
1074 2715 1135 2771 sine
1158 2712 1333 2788 magistrati-

227 2838 232 2847 ·
297 2813 347 2887 bus,
370 2819 533 2894 prodigium
559 2821 676 2890 relicta,
704 2823 845 2880 crudelius
866 2821 1039 2892 habitanda,
1067 2839 1153 2895 quam
1187 2820 1211 2875 si
1241 2819 1334 2875 deleta

300 2918 366 2980 leret.
405 2926 502 2982 Furor
523 2936 574 2995 est,
596 2927 620 2983 si
643 2927 809 3003 alienigena
829 2928 969 2996 homines,
990 2927 1055 3002 plus
1075 2926 1174 3001 lingua
1195 2936 1224 2982 et
1245 2926 1387 2984 mori-12
1455 2908 1458 2913 ἱ

219 3068 225 3104 3
301 3025 342 3084 bus
366 3041 393 3086 et
414 3031 527 3105 legibus
554 3051 640 3108 quem
658 3033 752 3105 ,maris
780 3045 980 3108 terrarumque
1007 3033 1101 3108 spatio
1124 3033 1246 3101 discreti,
1274 3033 1335 3090 baec

304 3136 431 3207 erasnm,
452 3156 571 3213 sperare
593 3139 745 3213 quicquam
768 3140 869 3196 eodem
892 3150 968 3197 statu
992 3157 1166 3195 mensurum.
1207 3137 1335 3212 Philippi
1351 3142 1386 3197 13

219 3280 228 3334 ἒ
305 3254 400 3314 ragnum
423 3242 539 3301 officere
560 3244 669 3318 aliquid
681 3247 796 3303 videtur
810 3246 934 3303 libertati
957 3255 1069 3314 vestrae,
1092 3245 1149 3317 qui,
1172 3262 1258 3318 quum
1274 3263 1333 3299 me·

219 3393 223 3420 ,
307 3343 347 3402 rito
364 3360 455 3408 restro
477 3350 560 3406 vobis
582 3349 709 3408 infensus
732 3347 816 3421 esset,
838 3351 908 3408 nihil
931 3372 948 3408 a
970 3352 1053 3409 vobis
1076 3352 1150 3407 ultra
1172 3368 1258 3424 quam
1282 3368 1334 3421 pa·

220 3514 226 3533 ,
308 3464 352 3508 ten
370 3457 455 3530 petiit,
476 3456 620 3530 fidemque
640 3457 726 3513 hodie
741 3458 821 3532 pacis
842 3465 935 3531 pectae
957 3456 1107 3514 desiderat.
1150 3453 1334 3511 Assuefacite
1351 3458 1388 3512 14

262 3567 265 3593 ³
309 3552 340 3611 hit
355 3561 430 3618 terris
450 3562 578 3636 legiones
600 3574 735 3620 externas
757 3573 785 3619 et
805 3562 902 3637 iugum
926 3561 1058 3636 accipite,
1080 3579 1144 3616 sero
1166 3578 1201 3616 ac
1220 3560 1335 3634 nequic-

219 3699 223 3732 r
250 3675 254 3683 ·
310 3676 382 3736 quam,
402 3686 487 3741 quum
510 3668 657 3725 dominum
680 3671 842 3727 Romanum
865 3669 1017 3738 babebitis,
1040 3667 1147 3724 socium
1170 3665 1334 3739 Philippum

219 3801 227 3836 ς
279 3806 281 3811 -
311 3773 425 3838 quamtis.
456 3773 608 3847 'AEtolos,
641 3779 830 3842 Acarnanas,
858 3775 1055 3842 Macedonas,
1086 3770 1210 3829 eiusdem
1232 3771 1336 3845 linguae
1352 3775 1388 3829 15

219 3904 238 3954 g
257 3878 260 3886 '
309 3869 421 3950 homines,
441 3880 520 3937 leves
542 3880 580 3936 ad
596 3889 709 3955 tempus
728 3890 798 3935 ortae
810 3897 904 3936 causae
915 3878 1080 3953 disiungunt
1091 3878 1336 3953 coniunguntque3

241 3982 262 4053 qi
309 3993 354 4038 mm
373 3985 547 4062 alienigenis,
568 4005 632 4043 cum
659 3986 791 4042 barbaris
814 3993 950 4042 aetarnum
964 3984 1096 4040 omnibus
1108 3983 1219 4041 Graecis
1231 3983 1336 4039 bellum

220 4082 257 4140 d¹
308 4095 339 4142 Ν
354 4091 471 4166 eritque;
502 4101 607 4148 natura
634 4093 719 4160 enim,
749 4109 812 4165 quas
833 4099 973 4165 perpetua
995 4101 1046 4157 est,
1073 4109 1131 4146 non
1153 4088 1338 4147 mutabilibus
1430 4125 1433 4130 ·

219 4191 253 4262 ἕρμ’
305 4187 408 4254 indiam
431 4199 526 4256 causis
546 4199 644 4256 hostes
664 4207 739 4257 sunt.
786 4195 844 4254 Sed
865 4194 941 4251 unde
963 4195 1048 4269 coepit
1072 4196 1165 4252 oratio
1187 4214 1266 4263 mea,
1298 4194 1339 4250 ibi
1353 4197 1392 4253 16

222 4312 249 4366 8*
304 4296 403 4365 desinet.
446 4305 513 4362 Hoc
537 4305 637 4362 eodem
659 4303 724 4360 loco
746 4302 830 4359 iidem
848 4299 979 4359 homines
1001 4301 1037 4357 de
1058 4298 1184 4357 eiusdem
1211 4300 1338 4376 Philippi
