3484 5025
440 517 479 575 aa
696 514 924 567 nrnrxxxvu.
943 514 990 580 (a.
1004 530 1030 566 u.
1044 527 1067 567 s.
1081 517 1156 580 aaa.)

292 710 294 712 ’
400 703 438 759 ab
458 702 561 758 dextro
584 718 683 772 cornu,
708 702 834 760 concitat
853 719 943 760 naves
970 702 1013 775 (et
1039 711 1122 759 erant-
1142 702 1262 761 Rhodia
1279 702 1337 777 long

400 807 477 864 nium
500 807 654 864 celerrimae
673 817 736 864 tota
758 808 874 882 classe),
901 820 1073 883 aequatoque
1097 826 1188 865 cornu
1213 807 1337 884 praetoria

308 915 348 986 30
399 913 429 970 in
451 931 509 987 qua
535 912 731 987 Polyxenidas
758 924 830 983 erat,
857 932 940 972 suam
968 914 1081 973 obiecit
1125 915 1189 972 Iam
1218 913 1286 971 totis
1309 912 1337 969 oh

399 1018 485 1075 simul
504 1018 542 1075 ab
564 1018 642 1075 omni
672 1027 755 1095 parte
782 1036 881 1095 pugna
902 1028 1036 1076 conserta
1060 1030 1132 1078 erat.
1170 1021 1220 1079 Ab
1242 1021 1337 1078 Roma

399 1124 511 1200 toginta
537 1142 626 1181 naves
653 1125 836 1200 pugnabant,
865 1144 902 1182 ex
931 1125 1034 1200 quibus
1062 1126 1186 1184 Rhodiae
1213 1125 1277 1183 duan
1302 1134 1329 1184 et

370 1228 495 1299 2erant3
526 1230 650 1288 hostium
673 1231 773 1288 classis
804 1231 1039 1307 undenonaginta
1072 1233 1192 1290 navium
1224 1232 1293 1302 fuit3
1317 1250 1337 1288 tn

399 1336 500 1395 forma
530 1353 620 1393 naves
648 1344 706 1392 tres
729 1337 851 1393 hexeres
880 1337 1015 1406 habebat,
1046 1337 1120 1394 duas
1146 1339 1289 1414 hepteres.
1331 1339 1337 1396 l

399 1443 515 1500 navium
538 1451 567 1499 et
586 1441 692 1499 virtute
719 1442 839 1499 militum
867 1443 991 1500 Romani
1017 1441 1105 1517 longe
1125 1445 1337 1518 praestabant]

399 1566 489 1606 naves
517 1548 646 1624 agilitate
677 1558 705 1604 et
733 1558 795 1605 arte
826 1550 1052 1624 gubernatorum
1085 1560 1115 1606 et
1147 1549 1269 1607 scientia
1300 1568 1337 1607 rer

370 1654 531 1714 ilMaximo
553 1664 650 1712 tamen
670 1654 774 1711 terrori
794 1654 924 1712 hostibus
946 1653 1035 1723 luere,
1057 1673 1122 1729 quae
1142 1654 1226 1731 ignes
1247 1674 1337 1732 praes

333 1742 335 1744 ¹
400 1762 510 1830 tabant,
532 1771 561 1817 et
582 1759 660 1835 quod
689 1779 776 1817 unum
803 1760 839 1817 iis
861 1760 899 1817 ad
920 1761 1119 1818 Panhormum
1142 1760 1337 1820 circumventis

371 1866 503 1937 linerat,
523 1866 554 1923 id
576 1876 636 1923 tum
658 1864 815 1921 maximum
838 1874 1012 1923 momentum
1037 1866 1075 1923 ad
1096 1866 1249 1925 victoriam
1271 1867 1329 1924 fnit

400 1983 477 2030 metu
498 1970 573 2047 ignis
594 1969 708 2028 adversi
728 1969 815 2045 regiae
836 1988 936 2041 naves,
956 1990 993 2027 ne
1019 1990 1109 2046 prora
1129 1982 1336 2043 concurrerent,

401 2077 599 2146 declinassent,
626 2095 719 2151 neque
740 2076 811 2151 ipsae
831 2076 918 2134 ferire
941 2086 1036 2135 rostro
1062 2078 1174 2135 bostem
1197 2088 1327 2154 poteraut

371 2185 495 2259 bliquas
527 2201 558 2240 se
585 2182 657 2257 ipsse
685 2182 722 2239 ad
753 2182 827 2240 ictus
847 2183 1022 2258 prabebant,
1059 2192 1088 2241 et
1119 2184 1143 2241 si
1181 2203 1242 2260 qua
1261 2203 1337 2244 conor

402 2291 578 2348 obruebatur
596 2288 692 2346 infuso
713 2288 781 2364 igni,
801 2288 952 2363 magisque
972 2289 1010 2345 ad
1030 2290 1193 2347 incendium
1215 2309 1301 2365 qnam
1321 2310 1337 2347 a

371 2396 470 2457 lilium
492 2394 685 2470 trepidabant.
727 2393 887 2451 Plurimum
907 2404 1013 2464 tamen,
1035 2413 1100 2469 quaa
1115 2397 1198 2467 solet,
1220 2397 1335 2454 militnm

399 2504 429 2561 in
441 2502 515 2561 bello
526 2500 625 2560 valuit.
650 2500 777 2558 Mediam
788 2520 915 2575 namque
926 2502 1015 2558 aciem
1028 2502 1153 2559 hostium
1166 2504 1291 2561 Romani
1305 2523 1337 2578 qu

400 2611 518 2686 pissent,
529 2608 711 2666 circumvecti
724 2609 761 2664 ab
773 2617 854 2683 tergo
866 2609 1059 2682 pugnantibus
1071 2609 1211 2666 adversus
1226 2609 1336 2667 Rhodio

401 2735 465 2774 sese
485 2716 665 2783 obiecerunt3
693 2722 896 2788 momentoque
913 2715 1051 2790 temporis
1073 2724 1102 2770 et
1119 2715 1216 2772 media
1228 2715 1337 2772 aciesA

372 2831 429 2884 'let
449 2821 523 2878 lavo
540 2838 629 2877 cornu
651 2819 851 2877 circumventa
870 2838 960 2877 naves
982 2822 1196 2896 mergebantur.
1229 2821 1337 2878 Dexter

399 2928 513 3002 integra
533 2925 675 2983 sociorum
707 2924 800 3000 magis
829 2926 911 2983 clade
932 2945 1018 3001 quam
1047 2945 1100 2984 suo
1127 2927 1257 3002 periculo
1280 2936 1337 2983 terr

401 3041 526 3090 ceterum
553 3042 707 3108 postquam
737 3029 809 3087 alias
835 3031 1053 3100 circumventas,
1081 3032 1247 3107 praetoriam
1269 3050 1337 3089 nave

400 3138 543 3216 lyxenida
572 3137 677 3195 relictis
708 3136 793 3194 sociis
819 3136 886 3193 vela
913 3136 1027 3193 dantem
1054 3137 1170 3206 videre,
1197 3137 1319 3195 sublatis

403 3245 554 3303 dolonibus
581 3245 622 3317 (et
647 3254 711 3301 erat
736 3242 878 3300 secundus
904 3243 1066 3316 petentibus
1093 3242 1242 3318 Ephesum
1270 3253 1337 3300 vent

401 3359 520 3426 pessunt
538 3348 648 3423 fugam,
669 3331 867 3422 quadraginta
876 3348 988 3405 duabus
1002 3349 1124 3406 navibus
1135 3348 1165 3405 in
1176 3367 1212 3406 ea
1223 3367 1337 3424 pugnat

372 3458 523 3531 Squarum
562 3454 697 3511 tredecim
736 3463 828 3529 capta
868 3453 898 3509 in
931 3462 1102 3529 potestatem
1142 3455 1269 3512 hostium
1307 3472 1337 3510 ve

402 3572 503 3620 cetera
524 3561 646 3617 incensae
672 3569 723 3617 aut
744 3561 891 3617 demersas.
941 3562 1139 3617 Romanorum
1162 3560 1227 3617 duae
1249 3576 1337 3616 naves

371 3669 477 3738 9sunt,
498 3667 655 3724 vulneratas
678 3664 802 3740 aliquot3
827 3665 944 3723 Rhodia
972 3685 1030 3722 una
1058 3675 1144 3741 capta
1173 3665 1337 3723 memorabil

401 3773 480 3830 Nam
501 3792 588 3847 quum
613 3781 708 3828 rostro
729 3772 917 3847 percussisset
940 3771 1089 3829 Sidoniam
1111 3789 1232 3841 navem,
1266 3789 1336 3828 aneo

402 3878 466 3954 ipso
490 3895 612 3936 excussa
633 3895 736 3934 enave
748 3895 810 3933 ‘sna
830 3894 905 3933 unco
920 3876 1013 3945 dente,
1033 3877 1112 3934 velut
1125 3875 1223 3934 ferrea
1234 3895 1321 3934 manu

353 3986 390 4042 10
403 3983 533 4059 alligavit
554 3982 672 4040 alterius
692 4000 826 4058 proram3
847 3981 914 4038 inde
935 3982 1056 4038 tumultu
1071 3983 1186 4051 iniecto,
1209 4000 1299 4058 quum
1321 3981 1337 4038 d

402 4109 434 4148 se
455 4092 492 4147 ab
513 4090 597 4146 hoste
619 4087 764 4163 cupientes
792 4087 956 4145 inhiberent
975 4088 1090 4157 Rhodii,
1122 4098 1248 4146 tractum
1272 4107 1337 4145 anos

401 4194 570 4271 implicitum
597 4192 684 4250 remis
710 4193 786 4249 latus
815 4192 936 4249 alterum
959 4193 1092 4258 detersit;
1119 4193 1301 4251 debilitatam
1327 4211 1337 4249 s
