3484 5025
473 531 532 587 166
716 527 795 577 utin
812 525 943 579 xxxrv.
980 525 1028 589 (a
1047 538 1073 574 u.
1092 541 1116 578 a.
1136 523 1212 587 aso.)

380 714 416 769 to
430 729 516 786 quam
532 710 604 767 satis
617 709 745 766 validum
763 727 816 766 nec
834 707 1076 785 tyrannnmfore3
1095 708 1272 766 discordiam
1290 716 1320 765 et
1335 706 1493 765 seditione·

429 815 529 872 omnia
545 822 712 890 opportuna
729 812 933 870 insidiantibus
943 812 1050 883 faeere,
1066 830 1154 886 quum
1169 831 1249 887 pars,
1266 831 1335 889 quat
1346 811 1495 870 donatiuo
1517 791 1520 796 Ι

430 917 587 977 certamine
601 917 723 975 inferior
732 917 779 987 sit,
797 926 919 974 externo
928 916 1069 993 potiusne
1081 916 1217 992 applicet,
1232 936 1323 992 quam
1340 917 1400 977 ciri
1413 917 1495 977 edd*

380 1027 413 1081 ll
430 1022 544 1081 Alienis
559 1022 649 1079 arans
664 1030 789 1097 partam,
806 1012 930 1079 externa
945 1021 1003 1080 tide
1021 1022 1164 1079 redditam
1180 1021 1350 1080 libertatem
1370 1033 1498 1082 mm

430 1127 607 1186 custodirent
632 1135 858 1201 servarentqua,
885 1134 918 1182 ut
946 1126 1072 1201 populus
1098 1126 1250 1184 Romnum
1279 1125 1381 1203 dignis
1406 1123 1496 1186 duta!

334 1230 383 1299 50
430 1229 593 1288 libertatem
625 1248 659 1288 ac
687 1249 790 1288 munus
816 1249 902 1287 suum
931 1232 1004 1288 bene
1035 1231 1161 1305 positum
1189 1232 1286 1291 sciret
1337 1231 1405 1289 Hes
1428 1229 1499 1290 v&

431 1334 560 1409 parentis
575 1352 664 1391 voces
681 1352 770 1408 quum
788 1335 931 1405 audirent,
952 1353 1073 1392 manare
1089 1336 1223 1393 omnibus
1240 1335 1356 1410 gaudio
1371 1334 1499 1408 lumin}

400 1438 506 1499 ludeo
540 1448 572 1496 ut
601 1439 715 1513 ipsam
737 1457 854 1514 quoque
891 1438 1100 1498 confunderent
1138 1439 1290 1500 dicentem.
1354 1440 1499 1516 Paulisper

430 1541 563 1599 fremitus
584 1542 809 1617 approbantium
830 1543 910 1601 diota
929 1543 985 1601 fuit
1008 1543 1244 1620 monentiumque
1272 1544 1403 1604 eliorum
1424 1543 1498 1618 elim

431 1657 463 1704 ut
496 1665 546 1704 eas
577 1665 665 1704 voces
697 1646 778 1703 velut
807 1649 927 1706 oraculo
959 1648 1063 1706 missas
1105 1646 1136 1704 in
1179 1657 1302 1722 pectora
1335 1647 1505 1732 animoso-'¹

401 1752 623 1815 3demitterent
670 1750 792 1810 Silentia
823 1753 929 1810 deinde
958 1752 1053 1824 iacto,
1092 1751 1176 1828 petiit
1207 1754 1245 1810 ab
1277 1754 1331 1827 iia,
1368 1729 1405 1812 nt
1429 1753 1497 1814 dvo

432 1858 600 1926 Romanos,
633 1857 658 1913 si
687 1856 738 1930 qui
768 1858 847 1932 upud
875 1876 926 1915 eos
953 1859 984 1915 in
1011 1858 1150 1915 servitute
1177 1869 1290 1930 essent,
1329 1855 1507 1935 conquirito.

311 1955 313 1959 ’
373 1999 375 2004 .
432 1960 510 2017 intra
538 1961 611 2018 duos
638 1979 751 2020 menses
773 1963 919 2020 mitterent
950 1964 988 2020 ad
1016 1982 1048 2020 se
1074 1963 1105 2019 in
1132 1963 1336 2033 Thessaliam
1369 1981 1408 2022 nu
1436 1961 1510 2039 ifi-

436 2065 552 2139 quidem
567 2067 719 2124 honestum
741 2085 815 2138 esse,
836 2068 868 2125 in
882 2068 1006 2125 liberata
1024 2076 1103 2125 tarra
1119 2068 1291 2125 liberatores
1309 2068 1376 2127 eius
1388 2067 1494 2126 servire.

402 2170 545 2235 ‹tOmnes
566 2170 773 2240 acclamarunt,
795 2172 907 2246 gratias
922 2191 954 2230 se
968 2173 1043 2229 inter
1061 2180 1158 2230 cetere
1173 2173 1261 2229 etiam
1280 2174 1320 2230 ob
1338 2174 1397 2232 huc
1411 2189 1500 2250 um

434 2276 514 2351 quod
535 2276 676 2333 admoniti
697 2284 803 2346 essent,
824 2284 856 2333 ut
876 2286 937 2334 tam
955 2277 1015 2352 pio,
1035 2285 1096 2333 tam
1111 2276 1276 2334 necessario
1292 2276 1393 2337 officio
1405 2278 1512 2354 ineffib-

404 2390 541 2444 5rentur.
587 2382 695 2455 Ingens
724 2399 860 2438 numerus
892 2390 956 2439 erat
984 2381 1060 2439 bello
1087 2381 1199 2438 Punico
1229 2390 1402 2457 captorum,
1430 2395 1505 2457 (μ,

435 2484 600 2556 Hannibal,
639 2504 727 2560 quum
762 2487 800 2544 ab
832 2488 893 2545 suis
925 2505 984 2545 non
1018 2486 1245 2558 redimerentur,
1280 2487 1496 2549 venundederat.

405 2589 629 2654 6Multitudinis
657 2609 757 2648 eorum
787 2600 988 2666 argumentum
1020 2591 1072 2661 sit,
1108 2591 1188 2665 quod
1218 2592 1364 2667 Polybius
1400 2590 1491 2663 ⁸th

437 2708 552 2754 centum
584 2696 700 2752 talentis
729 2714 793 2752 eam
822 2715 884 2753 rem
913 2696 1031 2753 Achaeis
1061 2696 1190 2765 stetisse,
1224 2715 1314 2770 quum
1351 2696 1492 2772 quingen.

438 2802 573 2860 denarios
588 2800 711 2876 pretium
724 2799 756 2855 iu
766 2799 874 2874 capita,
893 2800 971 2874 quod
988 2800 1157 2857 redderetur
1170 2800 1306 2870 dominis,
1328 2798 1484 2867 statuisti}

406 2907 516 2966 lmille
545 2906 621 2963 enim
648 2905 788 2961 ducentos
811 2923 847 2961 ea
867 2904 981 2961 ratione
1003 2904 1121 2962 Achaia
1141 2905 1253 2962 habuit.
1301 2907 1409 2964 Adiiee
1429 2918 1483 2963 m

438 3030 492 3087 pro
514 3010 657 3085 portione,
679 3016 751 3083 quot
772 3009 834 3065 veri
855 3007 950 3065 simile
970 3009 1008 3065 sit
1030 3009 1175 3067 Graciam
1197 3018 1290 3067 totam
1316 3013 1454 3071 babuisse.

405 3118 424 3175 8
521 3114 659 3172 Nondum
682 3122 840 3170 conventus
861 3112 997 3170 dimissus
1022 3125 1101 3182 erat,
1130 3132 1220 3186 quum
1247 3117 1407 3191 respiciunt
1429 3130 1481 3192 pt!

439 3220 543 3277 sidium
567 3219 605 3275 ab
628 3217 844 3275 Acrocorintho
873 3218 1049 3275 descendens
1075 3218 1208 3294 protinus
1237 3219 1306 3276 duci
1337 3222 1375 3278 ad
1394 3228 1480 3297 portu

407 3323 629 3397 9atquoabirc.
671 3320 801 3394 Quorum
824 3339 930 3395 agmen
951 3322 1110 3397 imperator
1130 3333 1246 3379 secatus
1268 3324 1482 3400 prosequeret-

440 3429 568 3499 cunctis,
602 3434 782 3485 servatorem
816 3425 1061 3501 liberatoremque
1093 3427 1342 3501 acclamantibus,
1376 3424 1482 3487 ssluttl'!

440 3533 625 3606 dimissisque
655 3530 716 3605 iis,
743 3534 861 3605 eadem,
904 3551 963 3607 qua
995 3541 1132 3602 venerat,
1165 3532 1215 3588 via
1245 3533 1383 3591 Elateam
1413 3528 1484 3590 ru&

390 3641 426 3696 10
441 3638 515 3694 Inde
547 3655 611 3694 cum
643 3639 777 3695 omnibus
811 3638 902 3713 copiis
930 3639 1011 3712 App.
1033 3635 1187 3694 Claudium
1220 3637 1352 3712 legatum
1378 3632 1486 3701 linitur

440 3759 494 3816 per
522 3743 705 3799 Thessaliam
741 3750 830 3817 atque
860 3742 983 3817 Epirum
1012 3742 1118 3799 ducere
1145 3740 1265 3799 Oricum
1305 3742 1388 3800 iubet
1420 3748 1486 3815 ψ

391 3848 425 3905 ll
441 3864 473 3903 se
502 3846 543 3902 ibi
574 3847 715 3922 opperiri,
750 3848 818 3904 inde
852 3865 979 3921 namque
1012 3846 1042 3902 in
1071 3846 1169 3902 animo
1200 3863 1264 3902 esse
1294 3840 1488 3903 exercitumh

441 3949 557 4006 ltaliam
585 3951 727 4011 traiicere.
785 3953 824 4010 Et
848 3953 884 4008 L
907 3950 1043 4024 Quinctio
1064 3948 1162 4021 fratri,
1190 3950 1288 4026 legato
1318 3960 1350 4007 et
1374 3946 1490 4025 prust

402 4090 405 4095 ·
443 4055 562 4126 classis,
595 4057 710 4126 scribit,
741 4067 773 4114 ut
802 4056 952 4114 onerarias
986 4074 1023 4112 ex
1054 4056 1132 4111 omni
1160 4055 1284 4114 Graeciae
1319 4072 1374 4111 ora
1407 4050 1490 4111 eol!

347 4155 389 4223 51
443 4161 635 4218 contraheret.
680 4162 748 4237 Ipse
759 4160 927 4219 Chalcidem
942 4159 1099 4235 profectus,
1120 4159 1250 4216 deductis
1265 4176 1326 4215 non
1343 4150 1493 4217 acbeffi

444 4265 554 4336 solum,
576 4265 735 4323 sedetiam
758 4267 797 4323 ab
819 4265 899 4324 Oreo
922 4273 1011 4340 atquo
1028 4263 1143 4320 Eretria
1165 4262 1317 4336 presidiis,
1339 4268 1493 4322 convetfl
