3484 5025
538 525 618 573 Liber
628 524 756 574 XXXVI.
790 526 836 586 (A.
851 523 912 574 chr.
930 524 1001 587 191.)
1226 529 1260 595 13

274 709 371 767 esicio
394 708 533 767 Medione
561 707 699 783 imposito
731 717 760 765 et
786 708 816 764 in
844 709 1016 782 quibusdam
1043 708 1107 765 aliis
1130 707 1304 765 Acarnaniae

274 813 366 888 pidis,
392 815 527 888 Thyrreo
555 812 694 869 abscessit
724 822 753 869 et
780 832 832 888 per
852 813 973 871 AEtoliae
999 832 1034 870 ao
1055 813 1193 871 Phocidis
1217 813 1303 869 urbes

274 920 405 977 calcidam
427 918 522 976 rediit.

319 1023 383 1082 Sub
405 1022 481 1081 idem
505 1032 618 1096 tempus
640 1023 682 1078 M.
705 1023 820 1079 Baebius
842 1033 870 1079 et
891 1023 1045 1097 Philippus
1066 1042 1133 1093 rex,
1154 1022 1212 1078 iam
1236 1031 1303 1077 ante
1360 1014 1397 1085 13

274 1147 286 1185 r
305 1129 434 1185 hiemem
455 1129 485 1184 in
496 1126 674 1185 Dassaretiis
697 1129 855 1202 congressi,
880 1146 968 1202 quum
991 1129 1071 1203 App.
1084 1126 1248 1196 Claudium,
1271 1137 1303 1181 ut

274 1233 387 1291 sidione
409 1233 543 1290 Larisam
566 1232 721 1302 eximeret,
743 1233 773 1289 in
794 1233 979 1290 Thessaliam
1003 1234 1162 1301 misissent,
1186 1232 1254 1306 quia
1273 1230 1333 1288 id2

274 1357 349 1415 opus
380 1339 469 1395 rebus
496 1337 629 1412 gerendis
656 1337 841 1395 immaturum
864 1347 942 1407 erat,
974 1339 1004 1394 in
1025 1338 1147 1395 hiberna
1170 1337 1303 1411 regressi,

275 1444 377 1520 'ncipio
408 1443 484 1499 veris
512 1441 670 1499 coniunctis
694 1442 785 1517 copiis
814 1444 844 1499 in
870 1443 1054 1501 Thessaliam
1084 1443 1302 1500 descenderunt.

294 1547 472 1608 Acarnania
502 1557 563 1604 tum
591 1548 756 1605 Antiochus
789 1559 861 1605 erat
925 1550 1123 1607 Advenientes
1150 1548 1333 1623 Philippus3

274 1653 385 1711 dloeam
416 1653 605 1722 Perrhaebia,
638 1652 754 1709 Baebius
780 1653 922 1711 Phacium
961 1663 1005 1712 eat
1040 1672 1208 1730 aggressum
1245 1672 1302 1728 quo

275 1777 326 1817 mo
356 1777 451 1833 prope
477 1758 586 1833 impetu
613 1769 714 1833 capto,
743 1760 891 1816 Phaestum
920 1760 1021 1817 eadem
1050 1759 1195 1817 celeritate
1217 1761 1303 1834 capit.

274 1864 305 1923 le
328 1867 472 1921 Atracem
504 1882 592 1938 quum
621 1883 653 1921 se
681 1864 850 1940 recepisset,
881 1863 1012 1941 Cyretias
1040 1865 1106 1921 hinc
1128 1873 1158 1921 et
1177 1864 1332 1922 Eritiuml

274 1978 374 2045 rupat3
404 1968 602 2044 presidiisque
632 1989 685 2045 per
711 1980 797 2044 capta
826 1970 935 2045 oppida
964 1969 1129 2045 dispositis,
1164 1969 1301 2045 Philippo

274 2093 331 2134 sus
351 2073 497 2150 obsidenti
510 2073 657 2131 Malloeam
673 2093 705 2132 se
720 2075 876 2150 coniungit.
924 2075 985 2134 Sub
1005 2076 1160 2131 adventum
1177 2076 1302 2133 Romani
1317 2081 1333 2132 5

274 2182 394 2250 arcitus,
424 2198 475 2236 seu
504 2179 542 2235 ad
569 2190 676 2236 metum
699 2180 801 2237 virium
831 2200 881 2238 seu
912 2182 949 2238 ad
971 2198 1051 2256 spem
1073 2180 1180 2249 veniae,
1214 2199 1300 2255 quum

274 2287 413 2345 lidissent
438 2302 517 2353 sese,
549 2285 587 2341 ad
614 2304 650 2342 ea
677 2286 844 2361 recipienda
873 2285 995 2361 oppida,
1031 2303 1095 2360 quae
1119 2286 1302 2342 Athamanes
1344 2282 1347 2290 '

274 2402 460 2469 anparerant,
481 2408 539 2446 uno
562 2390 677 2465 agmine
695 2391 802 2459 ierunt3
826 2401 909 2448 erant
931 2401 1026 2447 autem
1048 2390 1118 2457 hoeo,
1140 2388 1334 2463 AEginium,6

274 2498 408 2567 tantum,
431 2495 575 2571 Gomphi,
598 2496 708 2565 strant,
729 2496 845 2567 ratem,
867 2473 1015 2567 atrita,
1037 2494 1185 2553 rhetora.
1229 2493 1331 2553 ruder

274 2604 424 2672 Mmaeum,
466 2601 515 2658 ubi
547 2602 700 2677 Philippus
732 2602 997 2677 Megalopolitanus
1037 2619 1101 2658 cum
1141 2599 1303 2674 quingentis

274 2710 383 2767 ditibus
402 2716 430 2764 et
446 2707 590 2780 equitibus
602 2707 796 2781 quadraginta
812 2708 842 2763 in
860 2706 994 2782 praesidio
1007 2716 1079 2774 erat,
1099 2705 1304 2791 circumsidunt

288 2815 464 2891 priusquam
481 2821 691 2886 oppugnarent,
707 2813 822 2868 mittunt
834 2812 871 2868 ad
883 2811 1060 2886 Philippum,
1082 2810 1131 2885 qui
1145 2818 1304 2878 monerent,

297 2921 359 2978 vim
392 2917 523 2974 ultimam
550 2915 675 2989 experiri
702 2917 796 2972 vellet.
852 2915 964 2988 Quibus
990 2914 1038 2970 illa
1066 2916 1137 2972 satis
1168 2915 1333 2974 ferociterss

274 3024 402 3102 tpondit,
433 3021 481 3079 vel
506 3021 647 3079 Romanis
677 3021 724 3078 vel
754 3020 904 3078 Thessalis
936 3039 968 3076 se
1000 3020 1173 3077 crediturum
1205 3020 1303 3090 fnisse,

284 3129 419 3203 Philippi
441 3146 473 3183 se
496 3135 670 3202 potestatem
692 3127 912 3182 commissurum
939 3144 997 3181 non
1025 3143 1097 3181 essa.
1142 3127 1334 3200 Postquam9

275 3234 376 3310 paruit
408 3233 438 3288 vi
470 3232 629 3306 agendum,
665 3230 733 3304 quia
766 3230 920 3286 videbatur
951 3238 979 3285 et
1009 3229 1168 3286 Limnaeum
1202 3232 1303 3287 eodem

274 3357 370 3415 npore
399 3336 562 3410 oppugnari
589 3353 692 3409 posse,
724 3354 822 3410 regem
852 3335 890 3391 ad
918 3335 1076 3391 Limnaeum
1110 3335 1153 3390 ire
1183 3335 1304 3409 placuit3

274 3445 355 3503 ebius
377 3440 483 3498 restitit
505 3440 542 3496 ad
564 3440 731 3497 Pellinaeum
755 3440 992 3515 oppugnandum.

320 3551 383 3608 Per
402 3564 452 3603 eos
474 3544 550 3602 forte
572 3545 633 3600 dies
650 3537 700 3600 Μ’.
712 3545 825 3624 Acilius
848 3546 949 3602 consul
970 3564 1034 3602 curu
1057 3544 1158 3619 viginti
1180 3535 1305 3601 millibus
1361 3525 1400 3595 14

275 3655 387 3724 ditum,
409 3653 523 3709 duobus
546 3650 670 3707 millibus
693 3651 837 3723 equitum,
858 3651 1025 3724 quindecim
1048 3649 1208 3724 elephantis
1232 3648 1305 3704 mari

274 3760 360 3819 eiecto
396 3757 544 3831 pedestres
577 3755 677 3828 copias
709 3755 843 3812 Larisam
881 3757 986 3812 ducere
1020 3755 1151 3811 tribunos
1184 3753 1304 3810 militum

274 3865 356 3934 tait,¹
379 3863 442 3938 ipse
479 3879 542 3917 cum
583 3860 713 3933 equitatu
744 3861 905 3917 Limnaeum
943 3861 980 3917 ad
1016 3858 1182 3933 Philippum
1218 3857 1305 3913 veuit.

274 3970 379 4029 dventu
400 3942 527 4024 consulis
549 3964 656 4020 deditio
678 3964 739 4020 sine
760 3966 943 4022 cunctatione
959 3974 1003 4021 est
1018 3963 1097 4020 facta
1112 3957 1336 4034 traditumque2

275 4074 406 4135 residium
435 4071 546 4144 regium
575 4078 604 4152 et
630 4087 695 4126 cum
722 4069 757 4126 iis
779 4070 971 4127 Athamanes.
1015 4070 1065 4126 Ab
1087 4069 1216 4126 Limnaeo
1239 4063 1335 4124 Pel-3

274 4199 354 4241 aarum
378 4177 480 4235 consul
502 4175 701 4250 proficiscitur.
751 4176 798 4231 Ibi
819 4175 905 4249 primi
923 4176 1104 4231 Athamanes
1126 4173 1307 4230 tradiderunt

274 4306 318 4359 se,
366 4285 471 4342 deinde
505 4293 534 4339 et
566 4280 719 4355 Philippus
752 4265 1032 4355 Megalopolitanus3
1076 4280 1121 4337 cui
1158 4276 1336 4335 decederitil
