3484 5025
466 530 505 587 38
721 528 816 576 -tibar
832 526 933 576 xxxt.
972 527 1018 584 (Α.
1032 541 1057 574 u.
1072 540 1092 578 e.
1108 526 1182 590 sm.)

420 712 541 786 equites,
563 730 637 786 quos
660 710 753 785 prima
775 710 838 766 luce
854 710 1017 785 Philippus,
1037 720 1068 766 ut
1086 712 1231 767 desertum
1247 711 1390 768 tumulum
1402 710 1492 781 videt,

420 818 459 873 ad
480 816 656 891 carpendum
679 816 805 872 hostiurn
831 834 936 890 agmen
962 814 1047 875 misit.
1309 811 1311 814 ’

323 918 368 988 43
507 924 565 979 Per
591 940 642 979 eos
669 922 731 977 dies
745 932 781 977 ‘et
803 922 1010 993 Athenagoras
1036 919 1132 993 regius
1156 918 1309 994 praefactus
1333 922 1493 978 Dardanos

420 1026 591 1101 recipientes
623 1044 655 1083 se
682 1025 712 1082 in
742 1026 813 1081 lines
842 1024 964 1100 adeptus
994 1034 1171 1100 postremum
1206 1042 1310 1099 agmen
1346 1025 1493 1096 turbavit;

389 1132 495 1200 2dein,
516 1140 672 1206 postquam
694 1129 827 1187 Dardani
848 1130 994 1187 conversis
1018 1129 1107 1204 signis
1130 1129 1261 1187 direxere
1282 1130 1386 1199 aciem,
1409 1148 1495 1205 eaque

419 1254 517 1310 pugna
554 1236 629 1293 iusto
664 1235 765 1310 proelio
804 1244 875 1291 erat.
933 1234 994 1293 Ubi
1029 1252 1128 1291 rursus
1165 1235 1322 1309 procedere
1359 1236 1492 1294 Dardani

420 1340 591 1415 coepissent,
622 1341 718 1416 equite
742 1349 770 1397 at
791 1340 849 1396 levi
875 1349 1025 1395 armatura
1046 1338 1118 1412 regii
1139 1339 1247 1395 nullum
1272 1338 1368 1417 [telis]
1393 1340 1498 1398 auxilii

418 1463 510 1520 genus
562 1447 701 1503 habentes
737 1446 893 1502 Dardanos
937 1453 1131 1517 oneratosque
1169 1444 1367 1501 immobilibus
1404 1446 1493 1504 armis

388 1551 579 1619 dvexabant3
616 1559 644 1606 et
677 1551 742 1607 loca
771 1549 836 1623 ipsa
866 1548 1054 1605 adiuvabant.
1114 1547 1209 1605 Occisi
1267 1549 1386 1622 erpenci
1418 1558 1493 1618 sunt,

418 1655 515 1729 plures
545 1655 705 1724 vulnerati,
738 1663 840 1729 captus
875 1632 975 1723 nemo,
1011 1653 1080 1726 quia
1117 1671 1176 1709 non
1213 1672 1248 1709 ex
1276 1654 1356 1709 idunt
1385 1665 1495 1713 temere

419 1760 569 1817 ordinibus
590 1760 664 1828 suis,
691 1759 741 1815 sad
766 1756 918 1814 confertim
942 1768 971 1814 et
992 1769 1123 1833 pugnant
1144 1768 1172 1815 et
1193 1758 1306 1817 cedunt.

388 1862 405 1913 4
504 1866 551 1921 Ita
574 1865 681 1922 damna
703 1866 838 1922 Romano
861 1873 982 1938 accepta
1004 1864 1078 1920 bello
1101 1863 1215 1921 duabus
1237 1884 1289 1939 per
1312 1874 1494 1939 opportunas

419 1969 619 2043 expeditiones
635 1968 767 2026 coercitis
783 1968 917 2043 gentibus
932 1968 1096 2023 restituerat
1106 1969 1268 2043 Philippus,
1288 1970 1404 2045 incepto
1415 1970 1494 2039 forti,

417 2092 475 2129 non
506 2093 645 2148 prospero
677 2074 770 2131 solum
802 2083 918 2131 eventu.
966 2073 1073 2129 Minuit
1102 2072 1204 2129 deinde
1234 2051 1261 2130 ei
1289 2074 1366 2131 forte
1392 2076 1494 2152 oblata

386 2176 463 2233 bras
485 2179 612 2236 hostium
629 2156 797 2237 AEtolorum
820 2196 981 2235 numerum.
1027 2178 1148 2252 Scopas,
1171 2179 1304 2254 princeps
1327 2182 1433 2255 gentis,
1455 2182 1493 2239 ab

418 2283 607 2341 Alexandrea
631 2303 737 2359 magno
760 2302 824 2340 curn
847 2282 975 2357 pondere
991 2282 1054 2339 auri
1070 2283 1107 2339 ab
1122 2300 1190 2357 rege
1201 2284 1361 2341 Ptolemaeo
1378 2286 1493 2358 missus,

418 2405 470 2444 sex
503 2388 593 2445 millia
624 2390 752 2463 peditum
781 2399 810 2445 at
835 2388 1007 2462 quingentos
1036 2388 1147 2460 equites
1174 2388 1305 2444 mercede
1333 2390 1493 2446 conductos

387 2490 581 2568 6AEgyptum
605 2494 699 2563 vexit3
726 2513 779 2551 nec
807 2514 844 2551 ex
865 2494 1013 2551 iuventute
1034 2493 1201 2551 AEtolorum
1225 2512 1403 2567 quemquam
1425 2493 1490 2551 reli·

418 2598 537 2671 quisset,
559 2599 590 2654 ni
612 2600 809 2669 Damocritus,
832 2618 908 2655 ntrnc
930 2599 1006 2668 balli,
1029 2599 1107 2672 quod
1129 2598 1264 2667 instaret,
1286 2617 1367 2666 nuno,
1386 2598 1491 2656 future

385 2704 579 2761 lsolitudinis
602 2705 761 2760 admoneus
785 2704 946 2776 (incertum,
969 2723 1039 2760 cura
1061 2704 1163 2778 gentis,
1186 2722 1222 2758 an
1239 2711 1270 2758 ut
1285 2703 1491 2761 adversaretur

418 2806 530 2882 Scopae,
550 2827 652 2883 parum
675 2808 758 2864 donis
780 2808 895 2880 cultus),
918 2819 1029 2883 partem
1051 2808 1193 2865 iuniorum
1217 2808 1388 2882 castigando
1412 2809 1489 2866 domi

418 2913 614 2997 continuisset.

318 3001 362 3068 44
502 3019 574 3075 Haec
611 3037 646 3075 ea
680 3028 779 3075 aestate
815 3019 852 3074 ab
887 3019 1028 3075 Romanis
1056 3018 1252 3092 Philippoque
1280 3025 1364 3090 gesta
1395 3028 1489 3088 terra;

416 3122 517 3179 classis
545 3143 564 3180 a
591 3123 722 3199 Corcyra
748 3124 875 3180 eiusdem
905 3123 1047 3197 principio
1075 3123 1183 3178 aestatis
1210 3139 1274 3178 curn
1303 3123 1337 3178 L.
1361 3125 1488 3199 Apustio

414 3229 512 3302 legato
537 3229 685 3304 profecta,
716 3229 815 3285 Malea
844 3236 996 3302 superata,
1031 3227 1108 3283 circa
1139 3227 1292 3301 Scyllaeum
1320 3229 1385 3302 agri
1414 3231 1488 3286 Her·

383 3323 531 3391 2mi0niei
557 3336 660 3392 Attalo
693 3335 767 3408 regi·
786 3332 940 3390 coniuncta
967 3341 1018 3387 est.
1071 3333 1147 3388 Tum
1173 3349 1243 3387 vero
1266 3334 1485 3392 Atheniensium

413 3437 534 3507 civitas,
563 3439 610 3496 cui
642 3441 709 3497 odio
736 3441 765 3496 in
788 3438 956 3512 Philippum
981 3455 1033 3511 per
1055 3446 1161 3492 metum
1183 3436 1242 3493 iam
1265 3437 1313 3493 diu
1337 3440 1489 3496 moderata

383 3535 487 3612 3erat,
510 3544 540 3599 id
562 3562 648 3600 omne
669 3545 698 3599 in
724 3542 824 3599 auxilii
848 3541 996 3617 praesentis
1018 3559 1098 3615 spem
1122 3540 1231 3598 effudit.
1271 3543 1337 3599 Nec
1359 3562 1485 3618 unquam

414 3645 453 3701 ibi
486 3646 590 3704 desunt
622 3647 729 3721 linguae
760 3658 902 3722 promptas
941 3647 978 3702 ad
1014 3647 1126 3721 plebem
1157 3648 1376 3718 concitandam,
1410 3648 1487 3723 quod

413 3768 504 3823 genus
542 3770 630 3825 quum
668 3752 698 3808 in
734 3751 869 3808 omnibus
902 3751 999 3809 liberis
1032 3752 1212 3821 civitatibus,
1247 3762 1307 3808 tum
1343 3754 1486 3829 praecipue

413 3856 547 3925 Athenis,
571 3856 619 3913 ubi
642 3856 736 3912 oratio
758 3856 913 3930 plurimum
935 3857 1033 3931 pollet,
1055 3855 1157 3913 favore
1179 3857 1369 3915 multitudinis
1392 3859 1482 3916 alitur.

384 3960 608 4034 lRogationem
643 3960 790 4035 extemplo
820 3963 948 4018 tulerunt
974 3962 1132 4036 plebesque
1161 3962 1258 4030 scivit,
1295 3972 1328 4018 ut
1358 3961 1483 4039 Philippi
1521 4012 1524 4017 .

415 4073 518 4119 statnae
544 4073 570 4120 et
596 4064 738 4138 imagines
770 4083 871 4122 omnes
899 4067 1074 4140 nominaque
1096 4085 1213 4135 earum,
1242 4066 1312 4124 item
1343 4069 1481 4125 maiorum

415 4168 475 4223 eius
497 4168 579 4224 virile
603 4187 637 4225 ac
659 4169 799 4226 muliebre
821 4189 904 4227 secus
927 4172 1055 4229 omnium
1072 4173 1241 4229 tollerentur
1257 4172 1484 4246 delerenturque,

413 4270 534 4345 diesque
562 4272 643 4343 festi,
675 4292 774 4345 sacra,
805 4276 985 4345 sacerdotes,
1018 4295 1082 4350 quae
1110 4277 1202 4352 ipsius
1224 4279 1404 4336 malorumve
1424 4278 1484 4334 aius

281 4356 328 4472 Ι
