3484 5025
563 1817 718 1894 uther
754 1816 970 1898 xxxvl.

723 2026 823 2033 -ι-ι

299 2145 462 2203 Cornelium
485 2145 538 2204 Cn.
557 2146 645 2201 filium
669 2144 833 2218 Scipionem
857 2158 885 2201 et
907 2147 955 2202 Μ’.
967 2148 1094 2205 Acilium
1107 2147 1295 2205 Glabrionem
1374 2143 1390 2213 l

273 2252 364 2307 tulos
377 2251 448 2308 inito
461 2251 632 2325 magistratu
643 2257 750 2325 patres,
770 2249 938 2323 priusquam
957 2252 992 2307 de
1003 2251 1158 2325 provinciis
1171 2264 1297 2326 agerent,
1312 2258 1328 2311 2

301 2357 414 2413 divinas
435 2356 532 2413 facere
554 2355 712 2411 maioribus
734 2353 835 2409 hostiis
856 2353 1001 2409 iusserunt
1017 2356 1046 2410 in
1062 2356 1195 2412 omnibus
1212 2355 1298 2425 ienis,

273 2477 281 2531 Q
287 2462 377 2518 uibus
396 2460 598 2519 lectisternium
618 2460 756 2517 maiorem
774 2467 887 2533 partem
906 2459 974 2516 anni
989 2460 1050 2517 fieri
1069 2460 1151 2531 solet,
1172 2460 1297 2536 precari·

278 2605 302 2635 a
325 2554 402 2640 quod
424 2576 541 2623 senatus
565 2567 601 2622 de
623 2585 699 2622 novo
721 2565 798 2621 bello
820 2565 849 2620 in
871 2565 968 2620 animo
990 2566 1119 2637 haberet,
1141 2577 1172 2623 ut
1195 2587 1229 2623 ea
1251 2585 1297 2623 res

273 2672 345 2727 atui
358 2671 525 2745 populoque
533 2671 667 2726 Romano
683 2671 755 2752 bene
769 2680 857 2741 atque
875 2666 996 2726 feliciter
1009 2671 1144 2728 eveniret.
1175 2673 1222 2729 Ea
1236 2691 1297 2728 om·
1312 2680 1327 2733 3

304 2774 445 2831 sacrificia
466 2775 532 2830 laeta
553 2773 677 2844 fuerunt,
699 2775 857 2848 primisque
879 2774 980 2830 hostiis
1001 2775 1166 2854 perlitatum
1189 2787 1246 2846 est,
1270 2787 1298 2833 et

287 2878 464 2953 haruspices
486 2880 709 2953 responderunt,
740 2898 774 2935 eo
797 2879 873 2935 bello
895 2879 1031 2936 terminos
1053 2883 1153 2956 populi
1174 2882 1299 2939 Romani

273 2984 409 3058 pagati,
446 2984 597 3041 victoriam
637 3001 672 3040 ac
708 2985 884 3059 triumphum
921 2985 1040 3044 ostendi.
1102 2986 1174 3041 Haec
1210 2987 1328 3058 quuml

273 3088 398 3144 untiata
428 3101 535 3157 essent,
566 3089 668 3145 solutis
694 3089 833 3163 religione
854 3089 971 3158 animis,
998 3099 1096 3162 potres
1117 3089 1299 3163 rogationem

284 3194 435 3269 populum
457 3192 526 3249 ferri
546 3195 705 3263 iusserunt,
735 3193 841 3249 vellent
868 3194 1035 3250 iuberentne
1064 3212 1128 3250 curn
1152 3193 1329 3250 Antiocho5

273 3311 320 3367 e,
350 3298 458 3372 quique
485 3299 545 3354 eius
573 3311 681 3356 sectam
710 3297 800 3354 secuti
828 3309 938 3369 essent,
968 3299 1073 3355 bellum
1103 3296 1181 3365 iniri3
1212 3298 1237 3353 si
1265 3316 1300 3353 ea

273 3393 348 3457 lata
376 3403 491 3475 rogatio
520 3413 609 3473 esset,
640 3415 718 3472 tum,
747 3402 773 3458 si
799 3403 840 3458 ita
861 3403 1007 3459 videretur
1029 3402 1208 3472 consulibus,
1238 3420 1299 3458 rem

273 3521 377 3580 =gram
401 3507 439 3562 ad
460 3517 591 3564 senatum
613 3506 762 3564 referrent.
806 3508 842 3564 P.
859 3507 1010 3565 Cornelius
1033 3527 1098 3589 eam
1118 3506 1331 3580 rogationemtl

273 3611 359 3670 tulit.
404 3613 481 3668 Tum
498 3623 615 3670 senatus
632 3611 768 3681 decrevit,
789 3621 821 3668 ut
838 3613 970 3669 consules
984 3613 1100 3668 Italiam
1114 3622 1142 3668 et
1154 3609 1299 3668 Graeciam

274 3716 401 3773 vincias
423 3718 607 3786 sortirentur;
639 3718 684 3773 cui
706 3716 823 3774 Graecia
852 3717 1011 3787 evenisset,
1041 3725 1072 3772 ut
1099 3726 1215 3790 praeter
1235 3735 1299 3773 eum

273 3831 386 3877 nerum
403 3822 534 3893 militum,
556 3840 640 3895 quem
658 3823 693 3880 L.
705 3821 856 3893 Quinctius
874 3823 974 3878 consul
991 3822 1021 3877 in
1039 3839 1103 3876 eam
1119 3820 1299 3894 provinciam

278 3926 465 3982 auctoritate
481 3937 598 3982 senatus
615 3926 777 4000 scripsisset
787 3927 1004 4001 imperassetve,
1023 3934 1054 3980 ut
1065 3941 1131 3979 eum
1143 3923 1300 3979 exercitum
1315 3929 1330 3980 7

273 4023 390 4105 iperet,
403 4048 488 4103 quern
500 4031 541 4088 M.
552 4031 668 4087 Baebius
679 4043 786 4105 praetor
797 4049 873 4087 anno
886 4031 981 4105 priore
993 4048 1029 4085 ex
1041 4038 1157 4084 senatus
1169 4026 1300 4083 consulto

273 4135 482 4193 Uacedoniam
494 4135 665 4205 traiecisset3
684 4147 712 4192 et
730 4146 814 4192 extra
827 4134 944 4191 Italiam
964 4133 1145 4209 permissum,
1160 4143 1200 4203 ut,
1219 4133 1244 4188 si
1254 4150 1300 4189 res
1314 4134 1331 4191 8

273 4241 424 4311 *tulosseu
437 4239 546 4297 auxilia
557 4241 595 4295 ab
606 4238 701 4308 sociis,
722 4259 759 4296 ne
769 4258 858 4314 supra
870 4240 997 4313 quinque
1008 4237 1126 4294 millium
1140 4257 1300 4308 numerum,

273 4353 331 4389 'ius
345 4363 368 4389 ex
383 4363 422 4388 rec
439 4351 534 4398 fladvigtt,
565 4351 595 4387 vt.
1088 4348 1097 4389 l
