3484 5025
634 486 712 538 Liber
728 485 785 537 XL.
822 486 871 549 (Δ.
887 481 948 538 Chr.
969 485 1039 548 17⁹.)
1266 488 1324 544 257

312 673 419 731 certior
432 672 536 744 factus,
551 671 649 732 omnia
668 672 781 730 detecta
803 689 875 741 esse,
896 670 1041 746 potentior
1051 671 1167 746 quidem
1187 680 1259 742 eret,
1280 688 1369 745 quam

310 789 343 836 ut
370 778 470 855 fugam
496 776 689 835 necessariam
725 775 856 846 duceret3
891 785 1011 847 tuntum,
1045 787 1078 834 ut
1111 778 1213 855 procul
1247 777 1426 846 abesset‚2.

312 886 460 954 curabat,¹
481 883 594 941 interim
623 882 702 941 velut
730 884 768 941 ab
796 881 927 941 incendio
950 882 1100 957 flagrantis
1120 883 1184 956 iras,
1209 885 1276 942 dum
1298 879 1369 942 Phi·

312 992 409 1067 lippus
439 991 565 1060 viveret,
594 1008 625 1047 se
651 987 830 1055 defensurus.
886 986 918 1044 Is
943 1006 995 1063 spe
1025 989 1155 1064 potiundi
1186 991 1223 1048 ad
1254 1011 1369 1067 poenam

312 1098 444 1173 eorporis
459 1098 520 1155 eius
539 1095 655 1163 amisse,
677 1093 755 1169 quod
776 1092 916 1168 reliquum
940 1104 1011 1166 erat,
1031 1094 1061 1152 id
1082 1096 1205 1168 studere,
1227 1116 1263 1155 ue
1284 1117 1371 1175 super

311 1203 513 1280 impunitatem
551 1201 636 1259 etiam
673 1198 791 1276 prsemio
828 1198 944 1256 sceleris
978 1199 1128 1259 frueretur.
1190 1202 1402 1278 Antigonum3

312 1310 402 1385 igitur
430 1308 573 1385 appellat,
603 1306 648 1364 cui
676 1316 704 1362 et
735 1304 904 1382 palamfacti
930 1305 1077 1381 parricidii
1104 1307 1200 1383 gratia
1228 1309 1371 1370 obnoxius

312 1426 393 1485 erat,
424 1434 519 1490 neque
551 1412 714 1488 pudendum
749 1421 799 1469 eut
829 1412 1021 1487 paenitendum
1051 1432 1116 1470 eum
1146 1432 1244 1489 regem
1272 1416 1372 1475 Mace·

314 1521 440 1578 donibus
468 1529 589 1595 propter
612 1525 754 1576 recentem
785 1517 880 1594 patrui
902 1518 1043 1594 Antigoni
1069 1520 1191 1595 gloriam
1218 1520 1281 1579 fore
1305 1540 1371 1579 ceu·

315 1627 409 1684 sebat.
460 1623 603 1697 „Quando
632 1623 662 1681 in
690 1643 755 1681 eam
776 1622 922 1682 fortunam
944 1623 1029 1681 veni“
1058 1624 1166 1699 inquit,
1197 1627 1404 1701 „Antigoned

316 1743 349 1789 ut
371 1731 481 1788 orbitas
502 1729 582 1801 mihi,
611 1747 697 1804 quam
719 1729 768 1787 elii
789 1727 968 1787 detestantur
988 1739 1131 1805 parentes,
1153 1732 1288 1808 optabilis
1309 1752 1373 1792 esse

313 1837 436 1904 debeat,
464 1852 601 1910 regnum,
631 1836 710 1911 quod
731 1854 750 1893 a
770 1844 875 1911 patruo
902 1845 952 1891 tuo
981 1833 1065 1907 forti,
1089 1854 1149 1895 nou
1177 1836 1269 1895 solum
1296 1836 1373 1895 fideli

315 1943 409 2000 tutela
431 1942 492 1998 eius
515 1940 688 1999 custoditum
710 1949 739 1997 et
762 1949 878 1997 auctum
900 1940 986 1997 etiam
1009 1941 1117 2017 accepi,
1137 1941 1167 1999 id
1187 1941 1240 1999 tibi
1259 1943 1373 2000 tradere

314 2050 347 2107 in
369 2048 466 2105 animo
490 2056 543 2107 est.
578 2047 624 2104 Te
645 2064 732 2103 unum
753 2045 858 2115 habeo,
880 2063 964 2120 quem
988 2046 1105 2122 dignum
1127 2064 1217 2124 regno
1237 2047 1406 2129 iudicem;5

314 2156 342 2212 si
370 2154 513 2210 neminem
542 2150 818 2228 haberem-perire
846 2160 876 2209 et
907 2151 1049 2227 exstingui
1079 2152 1109 2209 id
1138 2153 1253 2210 mallem
1285 2172 1373 2229 quam

315 2263 428 2320 Perseo
449 2260 577 2316 sceleste
599 2257 710 2315 fraudis
734 2256 882 2333 praemium
905 2275 976 2315 esse.
1016 2258 1195 2317 Demetrium
1218 2259 1407 2326 excitatumtt

305 2357 357 2424 ¹ab
384 2365 483 2423 inferis
509 2364 730 2438 restitutumque
752 2361 867 2419 credam
896 2361 975 2433 mihi,
1002 2362 1085 2432 site,
1114 2364 1164 2440 qui
1185 2364 1271 2423 morti
1291 2366 1374 2423 iuno·

317 2472 417 2544 centis,
440 2472 490 2548 qui
511 2489 575 2528 meo
597 2468 704 2529 infelici
728 2467 819 2527 errori
840 2486 913 2527 uuus
934 2468 1121 2542 illuminasti,
1141 2470 1171 2528 in
1193 2470 1289 2531 locum
1313 2471 1374 2530 eius

315 2577 502 2634 substitutum
538 2577 729 2651 relinquam.“
802 2574 850 2632 Ab
892 2575 949 2633 hoc
990 2593 1122 2634 sermone
1156 2577 1235 2634 omui
1269 2586 1406 2653 genere?

316 2684 438 2740 honoris
474 2682 634 2759 producere
651 2700 733 2752 ⁴eum
771 2698 830 2737 uon
867 2679 984 2738 destitit.
1051 2679 1145 2754 Quum
1181 2682 1212 2739 in
1246 2682 1374 2741 Thracia

315 2790 445 2847 Perseus
474 2790 605 2859 abesset,
643 2786 793 2845 circumire
820 2787 999 2844 Macedoniae
1026 2788 1112 2845 urbes
1140 2787 1374 2865 principibusque

1413 967 1418 998 l

317 2894 500 2969 Antigonum
523 2893 740 2962 commendare;
770 2901 799 2948 et
822 2891 847 2948 si
867 2891 929 2949 vita
949 2892 1063 2969 longior
1085 2893 1266 2969 suppetisset,
1295 2895 1374 2952 haud

316 3000 437 3057 dubium
466 2999 535 3069 fuit,
564 2998 633 3074 quin
662 3015 727 3054 eum
749 2996 778 3055 in
800 2997 982 3073 possessione
1002 2998 1084 3074 regni
1105 2997 1256 3058 relicturus
1279 2999 1374 3059 fuerit.

317 3108 369 3165 Ab
399 3105 588 3164 Demetriade
619 3103 765 3180 profectus
797 3103 1017 3191 Thessalonice!
1045 3102 1199 3178 plurimum
1236 3107 1408 3182 temporis8

318 3221 451 3270 moratus
484 3209 590 3268 fuerat.
648 3209 721 3268 Inde
756 3229 843 3285 quum
881 3208 1079 3285 Amphipolim
1114 3210 1255 3281 venisset,
1291 3210 1374 3287 gravi

317 3319 423 3376 morbo
450 3327 495 3375 est
520 3315 687 3391 implicitum
718 3316 770 3374 sed
796 3316 893 3373 animo
920 3325 1017 3374 temen
1043 3332 1151 3390 agrum
1173 3316 1265 3392 magis
1286 3316 1407 3380 fuisset)

281 3433 298 3462 ‘¹
318 3442 408 3498 quam
437 3440 560 3497 corpore
587 3430 715 3491 constat,
744 3422 879 3498 curisque
902 3433 931 3480 et
954 3420 1074 3496 vigiliis,
1103 3439 1190 3495 quum
1218 3422 1374 3481 identidem
1416 3498 1419 3505 Ι

318 3528 431 3604 species
453 3537 480 3586 et
502 3528 613 3584 umbrae
632 3527 753 3584 insontis
774 3527 936 3604 interempti
957 3527 1008 3586 filii
1028 3526 1179 3603 agitarent,
1203 3529 1373 3587 exstinctum

319 3652 385 3692 esse
416 3652 481 3692 eum
514 3632 584 3691 diris
613 3633 858 3692 exsecrationibus
891 3635 1017 3693 alterius.
1082 3634 1195 3691 Tamen
1227 3634 1376 3692 admoveri
1393 3641 1429 3697 ld

319 3739 463 3815 potuisset
489 3738 669 3814 Antigonus,
702 3739 726 3795 si
759 3749 809 3797 aut
839 3743 962 3816 affuisset
992 3749 1042 3798 aot
1073 3739 1169 3796 statim
1198 3739 1376 3814 palamiacta

319 3854 397 3902 esset
418 3863 496 3902 mors
517 3845 603 3922 rogis.
649 3845 781 3904 Medicus
803 3844 979 3922 Calligenes,
1008 3845 1057 3922 qui
1079 3843 1219 3902 curationi
1244 3854 1376 3921 praeerat,
1394 3852 1428 3908 11

320 3969 379 4007 non
401 3960 571 4026 exspectata
591 3960 684 4007 morte
704 3951 789 4026 regis,
817 3971 835 4009 a
855 3951 956 4027 primis
977 3944 1185 4027 desperationis
1208 3948 1284 4006 notis
1303 3968 1376 4006 nun·

320 4057 378 4114 ties
409 4058 640 4133 praedispositus,
668 4056 710 4113 ita
737 4065 769 4113 ut
795 4068 983 4129 convenerat,
1012 4056 1089 4114 misit
1110 4055 1148 4112 ed
1169 4055 1322 4124 Perseum,
1349 4065 1378 4114 et

320 4173 443 4221 mortem
477 4163 553 4239 regis
584 4164 613 4219 in
646 4163 800 4220 adveutum
834 4163 896 4220 eius
927 4181 1043 4232 omnes,
1075 4159 1124 4236 qui
1154 4169 1237 4217 extro
1267 4160 1377 4236 regiam

348 4276 413 4314 livius
427 4288 452 4314 cx
466 4286 506 4313 rec.
522 4276 619 4324 liedvigii.
647 4275 679 4315 Vl.
1149 4266 1178 4313 17
