3484 5025
533 516 771 570 umrmvm.
787 515 908 581 (Acte
921 516 999 583 tes.)
1052 551 1056 556 -
1196 518 1254 578 131

275 720 364 759 urum
387 693 513 760 montem
536 722 628 779 usque
648 705 687 761 sd
708 705 807 781 Halyn
822 724 959 775 ornnem,
980 716 1018 775 et,
1039 722 1075 761 ea
1096 704 1173 762 velle
1194 704 1295 774 Tauri,

274 824 323 879 que
352 808 390 865 ad
414 808 498 883 iuga,
526 827 585 884 qua
610 811 640 867 in
665 812 842 887 Lycaoniam
873 811 975 886 vergit.
1030 810 1077 867 Ne
1107 828 1166 885 que
1192 812 1326 883 proteri

274 931 314 970 ns
335 912 440 972 efferto
461 934 498 972 ex
519 916 555 973 iis
576 917 700 992 oppidis,
723 917 801 992 agris
822 917 1014 991 castellisque,
1036 915 1139 990 quibus
1161 901 1296 984 excedat3
1344 918 1346 924 '

283 1038 344 1093 qua
371 1021 488 1090 extulit,
519 1041 578 1097 quo
606 1042 728 1097 qumque
754 1024 915 1098 oportebit,
943 1033 1022 1080 recte
1048 1020 1200 1078 restituito.
1248 1022 1296 1079 Ne

274 1122 351 1182 litem
374 1146 430 1184 neu
453 1148 537 1208 quem
560 1128 646 1185 elium
669 1147 706 1185 ex
727 1147 817 1203 regno
839 1128 978 1185 Eumenis
998 1127 1129 1201 recipito.
1186 1124 1217 1185 Si
1247 1126 1326 1201 qui6

274 1249 331 1289 mm
354 1234 467 1290 urbium
491 1234 578 1303 cives,
600 1253 664 1308 quae
683 1252 774 1309 regno
795 1234 963 1302 abscedunt,
984 1251 1048 1289 eum
1067 1251 1136 1307 rege
1149 1231 1300 1289 Antiocho

274 1351 366 1413 traque
393 1340 465 1396 fines
492 1342 575 1416 regni
600 1341 661 1397 eius
690 1350 771 1409 sunt,
802 1342 967 1413 Apameam
997 1356 1096 1395 omnes
1125 1348 1192 1394 ente
1219 1337 1295 1394 diem

274 1454 340 1501 rtem
376 1445 528 1503 redeunte.
576 1445 634 1519 Qui
671 1465 707 1502 ex
739 1464 828 1520 regno
860 1444 1000 1503 Antiochi
1036 1444 1114 1518 apud
1147 1438 1324 1501 Romanos?

274 1548 385 1625 tiosque
397 1569 473 1608 nunc
483 1562 558 1621 sunt,
572 1552 607 1608 iis
621 1552 666 1609 ius
678 1552 802 1609 abeundi
813 1551 1005 1626 manendique
1016 1561 1088 1608 esto.
1126 1548 1234 1608 Servos
1244 1567 1295 1605 seu
1309 1543 1325 1598 8

274 1656 370 1729 gitivos
385 1677 436 1714 seu
450 1658 526 1715 bello
539 1668 651 1733 captos,
665 1676 715 1715 seu
732 1659 795 1732 quis
807 1659 880 1715 liber
896 1670 997 1731 eaptus
1011 1665 1062 1730 sut
1071 1654 1223 1729 transfuga
1233 1654 1296 1723 erit,

274 1761 345 1820 tdito
354 1764 495 1820 Romanis
505 1764 657 1839 sociisque.
690 1764 869 1839 Elephantos
881 1762 987 1820 trudito
999 1780 1107 1831 omnes,
1118 1767 1212 1835 nequ'e
1224 1760 1297 1821 elios

274 1880 345 1929 rato.
368 1870 493 1927 Tradite
503 1881 532 1925 et
543 1888 633 1926 naves
643 1870 746 1945 longas
756 1880 993 1943 armamentaque
1005 1887 1114 1937 earum,
1128 1886 1183 1924 neu
1199 1867 1295 1942 plures

274 1989 317 2031 sm
330 1975 430 2032 decem
443 1994 533 2033 neves
545 1986 699 2033 tectusncue
705 1970 1164 2050 pleresquum*oovesectuariss,
1173 1983 1294 2047 quarum

277 2079 310 2137 le
330 2081 398 2156 plus
421 2100 507 2156 quern
530 2082 648 2158 triginta
668 2082 755 2138 remis
777 2091 890 2155 agatur,
911 2082 1018 2138 habeto
1032 2098 1106 2136 neve
1120 2083 1137 2151 †
1151 2097 1295 2135 monerem

296 2187 365 2244 belli
395 2206 500 2257 causa,
529 2188 608 2261 quud
636 2188 699 2262 ipse
727 2186 859 2243 illaturus
886 2187 949 2243 erit.
996 2187 1044 2243 Ne
1064 2184 1201 2259 navigato
1225 2183 1326 2245 citre9

274 2289 431 2368 tycsdnum
453 2313 509 2351 neu
529 2293 740 2369 Sarpedonium
763 2292 975 2367 promuntorio,
998 2302 1168 2365 extraquam
1191 2290 1216 2346 si
1238 2308 1296 2363 que

274 2398 314 2455 ris
336 2398 488 2473 pecuniam
510 2401 539 2455 in
554 2399 726 2474 stipendium
749 2410 800 2456 out
820 2399 933 2474 legatos
955 2407 1006 2454 aut
1028 2397 1143 2454 obsides
1158 2397 1295 2471 portabit.

274 2501 339 2562 lites
362 2504 494 2562 mercede
515 2505 691 2563 conducendi
719 2526 755 2563 ex
782 2506 817 2563 iis
838 2506 986 2581 gentibus,
1013 2523 1077 2579 quer
1103 2504 1157 2561 sub
1184 2504 1297 2562 dicione
1313 2509 1347 2563 10

274 2611 331 2682 puli
346 2611 473 2668 Romani
489 2622 564 2680 sunt,
586 2611 733 2669 Antiocho
753 2613 815 2687 regi
836 2612 881 2668 ius
903 2631 939 2668 ne
962 2620 1038 2680 est03
1059 2630 1096 2667 ne
1117 2611 1297 2668 voluntarios

274 2716 347 2774 Idem
360 2717 526 2791 recipiendi.
572 2717 751 2774 Rhodiorum
763 2717 946 2774 sociorumve
958 2736 1021 2791 quae
1032 2718 1107 2774 tedes
1120 2717 1297 2792 aedificieque
1312 2722 1344 2776 tt

274 2839 308 2880 rs
328 2823 402 2879 fines
423 2822 504 2897 regui
526 2823 664 2880 Antiochi
685 2835 765 2893 sunt,
795 2843 853 2898 quo
875 2824 938 2880 iure
959 2833 1026 2879 ante
1045 2823 1149 2879 bellum
1172 2822 1314 2891 fuerunt,.

295 2900 477 2988 Rhodiorum
500 2930 683 2986 sociorumve
703 2942 798 2986 sunto.
845 2930 879 2989 Si
908 2949 972 3004 quae
999 2929 1128 3004 pecuuioe
1149 2916 1297 3001 debentur,

274 3051 333 3091 tum
367 3035 483 3091 exactio
512 3046 589 3104 esto;
624 3035 649 3092 si
685 3036 754 3110 quid
790 3035 919 3091 oblatum
941 3044 1001 3103 est,
1037 3033 1067 3090 id
1102 3034 1348 3110 conquirendum

274 3141 428 3216 gnoscendi
449 3141 654 3215 repetendique
674 3143 742 3199 item
764 3141 809 3198 ius
831 3151 902 3197 esto.
950 3141 982 3198 Si
1004 3158 1077 3214 quas
1098 3141 1298 3213 urbes,'quas

274 3246 310 3305 di
336 3258 465 3323 oportet,
494 3247 515 3304 ii
544 3258 658 3314 tenent,
689 3248 793 3322 quibus
818 3247 980 3304 Antiochus
1011 3244 1103 3314 dedit,
1135 3254 1164 3300 et
1194 3263 1231 3300 ex
1262 3244 1298 3301 iis

274 3351 371 3410 nuidis
402 3352 551 3422 deducito,
583 3353 682 3428 utique
709 3364 786 3410 recte
815 3353 981 3422 tradantur,
1015 3361 1124 3409 curato.
1174 3351 1298 3426 Argenti
1314 3356 1349 3410 13

274 3459 320 3518 obt
349 3461 460 3516 talenta
489 3460 589 3517 Attica
618 3460 768 3516 duodecim
802 3458 892 3515 millia
924 3457 993 3513 dato
1032 3457 1107 3514 intre
1143 3457 1296 3513 duodecim

274 3581 329 3622 nos
351 3565 539 3640 pensionibus
559 3566 650 3640 aequis
672 3567 824 3629 ttalentum
853 3583 891 3620 ne
913 3564 1005 3620 minus
1031 3565 1128 3638 pondo
1150 3564 1299 3639 octoginta

274 3672 377 3727 »manis
398 3672 575 3745 ponderibus
596 3673 736 3747 pendat),
765 3681 794 3728 et
815 3671 900 3727 tritici
929 3670 1085 3744 quingenta
1107 3670 1300 3745 quadraginta

274 3774 328 3832 ‘utta
356 3776 497 3833 modium.
543 3778 666 3836 Eumeni
698 3778 760 3853 regi
792 3778 902 3834 talenta
933 3786 1060 3836 trecente
1092 3775 1301 3851 quinquaginta
1316 3781 1350 3836 14

274 3889 315 3938 tra
330 3883 554 3956 quinquennium
568 3884 647 3952 dato,
670 3895 699 3940 et
716 3902 770 3958 pro
786 3882 940 3950 frumento,
958 3882 1038 3956 quod
1052 3883 1242 3940 aestimatione
1259 3883 1300 3952 fit,

274 3982 347 4043 iente
369 3999 484 4045 centum
506 3990 608 4064 viginti
629 4001 748 4065 septem.
795 3988 919 4047 Obsides
938 3988 1078 4046 Romanis
1099 3989 1200 4064 viginti
1222 3989 1300 4056 dete,
1315 3981 1351 4047 tt

279 4092 411 4150 ¹triennio
434 4105 563 4166 mutato,
594 4115 630 4152 ne
653 4096 777 4152 minores
800 4105 934 4152 octonum
954 4095 1059 4151 denum
1083 4112 1223 4150 annorum
1246 4111 1301 4150 neu

274 4197 363 4257 tiores
384 4198 503 4274 quinum
525 4201 752 4277 quadragenum.
798 4201 830 4259 Si
846 4200 894 4276 qui
909 4201 1052 4278 'sociorum
1066 4201 1166 4277 populi
1177 4197 1301 4259 Romani
1318 4185 1354 4261 td

274 4314 316 4362 tro
337 4305 444 4364 bellum
466 4306 590 4365 inferent
610 4307 772 4376 Antiocho,
795 4307 853 4364 vim
877 4306 907 4364 vi
929 4307 1045 4364 arcendi
1065 4307 1109 4364 ius
1131 4318 1210 4377 esto,
1233 4305 1301 4363 dum
