3484 5025
531 512 754 565 ouarxxxrv.
791 511 984 580 (sonna)
1188 515 1243 571 133

280 690 334 749 Nor
348 695 509 770 magistratus
529 715 582 754 nac
603 699 766 757 sacerdotia
786 717 839 756 nec
859 698 997 773 triumphi
1016 715 1068 753 nec
1088 696 1213 772 insignia
1232 698 1316 755 need

280 795 338 855 ,tlon
355 810 393 856 out
416 802 506 877 spolia
533 803 636 861 bellica
664 802 700 860 iis
725 806 890 880 contingere
918 813 1055 879 possunt;
1084 802 1229 860 munditiae
1257 805 1315 862 ott

255 933 256 940 κ
278 912 365 961 ¹matus
386 917 410 964 et
427 907 533 979 cultus,
561 910 622 966 haec
642 908 812 968 feminarum
835 910 959 985 insignia
979 918 1061 979 suut,
1088 909 1133 965 his
1159 909 1286 984 gaudent

262 1013 301 1099 ,ὅ
320 1008 459 1083 gloriantur,
487 1015 563 1071 hunc
592 1017 729 1073 mundum
755 1015 923 1073 muliebrem
951 1014 1131 1091 appellarunt
1160 1012 1284 1069 maiores

285 1107 343 1162 Ὺ·
390 1117 460 1191 Quid
491 1118 568 1177 aliud
596 1121 625 1177 iu
653 1122 730 1179 luctu
760 1141 847 1197 quam
879 1141 1036 1198 purpuram
1065 1130 1152 1195 atque
1182 1137 1282 1176 aurum
1299 1126 1334 1180 10

279 1203 285 1216 ”
412 1224 487 1297 quid,
500 1243 588 1299 quum
600 1226 759 1296 eluxerunt,
770 1226 907 1285 sumunt?
925 1227 995 1302 quid
1006 1227 1034 1283 in
1044 1224 1283 1300 gratulationibus

291 1374 298 1379 ..
360 1327 541 1407 tionibusque
560 1333 614 1389 nisi
630 1333 859 1391 excellentiorem
874 1343 1007 1390 ornatum
1021 1328 1175 1389 adiiciunt?
1220 1329 1282 1389 Sci·
1299 1339 1329 1392 ll

284 1414 286 1417 ¹
310 1465 332 1498 ι,
349 1432 367 1488 si
382 1434 468 1510 legem
491 1435 616 1513 Oppiam
639 1440 828 1515 abrogaritis‚
848 1459 907 1497 non
927 1438 1017 1497 vestri
1037 1437 1147 1495 arbitrii
1165 1437 1236 1506 erit,
1257 1434 1282 1491 si

317 1559 319 1574 ¹
338 1536 383 1596 cios
400 1553 497 1599 vetare
517 1544 681 1617 volueritis,
709 1547 786 1621 quod
807 1564 882 1603 nuno
903 1546 950 1602 lex
971 1554 1066 1615 vetat3
1091 1543 1185 1601 minus
1208 1541 1281 1612 filiae,

302 1667 312 1673 ··
331 1667 358 1713 ἐ,
379 1665 489 1706 sorores
518 1650 604 1707 ctiam
629 1651 799 1726 quibusdam
823 1651 853 1707 in
877 1670 964 1708 mano
987 1659 1078 1707 erunt.
1124 1650 1280 1723 Nunquam
1296 1654 1331 1710 tt

256 1783 258 1785 ·
319 1743 330 1792 '=
348 1751 395 1808 suis
415 1756 530 1813 exuitur
549 1758 674 1814 servitus
696 1756 851 1826 muliebria,
873 1766 901 1813 et
917 1756 987 1831 ipsse
1004 1755 1173 1826 libertatem,
1195 1771 1281 1828 quam
1372 1792 1374 1798 ,

261 1896 264 1903 ·
306 1877 355 1905 ⁶¹³:
374 1868 399 1915 et
419 1861 529 1918 orbitas
549 1861 629 1933 facit,
650 1864 837 1921 detestantur.
883 1863 919 1920 In
940 1870 1036 1919 vestro
1058 1860 1177 1919 arbitrio
1199 1878 1281 1917 suurn
1297 1868 1330 1923 ¹3
1409 1937 1413 1945 ἱ

325 1981 363 2019 on
381 1984 466 2039 quam
487 1967 518 2024 in
539 1968 611 2043 legis
631 1968 741 2026 malunt
762 1987 838 2037 esse;
861 1978 890 2026 et
911 1986 964 2025 vos
985 1968 1013 2024 in
1034 1986 1119 2024 manu
1138 1975 1166 2023 et
1183 1966 1281 2035 tutela,

314 2066 346 2123 't’o
368 2072 482 2129 servitio
505 2071 616 2131 debetis
637 2074 744 2131 habere
765 2093 832 2145 eas,
863 2083 892 2131 et
917 2073 1003 2131 malle
1030 2083 1127 2148 patres
1151 2091 1203 2129 vos
1230 2081 1281 2129 aut

288 2222 290 2225 .
330 2192 405 2249 qoam
424 2178 557 2235 dominos
573 2181 639 2238 dici.
679 2179 833 2237 Invidiosis
854 2179 1017 2236 nominibus
1038 2179 1172 2235 utebatur
1194 2178 1279 2233 modo
1294 2188 1329 2243 14

276 2329 284 2358 ἱ.
316 2304 343 2350 ³,
366 2282 533 2366 seditioqem
560 2285 727 2343 muliebrem
757 2298 786 2342 et
806 2285 995 2342 secessionem
1016 2283 1198 2360 appellando.
1245 2283 1279 2339 Id

275 2438 278 2447 .
325 2369 487 2461 periculum¹
499 2400 557 2461 est,
580 2410 618 2449 ne
639 2392 760 2451 Sacrum
783 2399 923 2462 montem,
945 2391 1018 2448 siout
1040 2390 1182 2465 quondam
1205 2387 1280 2445 irata

285 2488 293 2501 ”
336 2502 384 2550 aut
398 2494 577 2552 Aventinum
596 2496 725 2572 capiant!
769 2497 940 2556 Patiundum
962 2496 1028 2555 huic
1048 2494 1205 2554 infirmitati
1226 2503 1329 2566 est,15

300 2615 413 2675 cunque
434 2619 490 2684 vos
508 2577 682 2664 censueritis.
724 2603 790 2677 Quo
810 2604 877 2680 plus
897 2604 1025 2678 potestis,
1045 2622 1080 2660 eo
1102 2603 1278 2660 moderatius

300 2705 343 2762 -='o
364 2707 406 2765 uti
427 2708 568 2765 debetis.“

258 2816 293 2889 ιμ’
307 2810 375 2870 Haec
414 2833 502 2888 quum
536 2823 638 2872 contra
676 2815 768 2890 legem
809 2832 921 2890 proque
958 2815 1021 2890 lege
1061 2815 1138 2875 dicta
1175 2823 1278 2884 esseut,
1347 2806 1370 2873 8

254 2898 367 3105 ωηο
408 2919 503 2976 maior
536 2917 699 2995 frequentia
732 2919 880 2977 mulierum
911 2932 1028 2997 postero
1061 2921 1108 2978 die
1144 2937 1207 2976 sese
1247 2918 1276 2975 in

297 3020 364 3080 'cum
397 3023 515 3096 effudit,
552 3044 668 3100 unoque
705 3027 820 3101 agmine
850 3045 949 3084 omnes
983 3028 1138 3084 Brutorum
1174 3023 1306 3082 ianuas2

254 3110 408 3201 fiderunt,
439 3131 488 3205 qui
511 3131 686 3206 collegarum
706 3131 850 3206 rogationi
873 3131 1102 3201 intercedebant,
1129 3148 1181 3187 nec
1210 3142 1278 3187 ante

254 3226 408 3306 buterum,
440 3254 527 3311 quam
555 3237 676 3294 remissa
696 3239 861 3295 intercessio
890 3239 927 3295 ab
947 3238 1066 3294 tribunis
1088 3245 1140 3296 est.
1187 3234 1306 3292 Nulla3

254 3336 322 3409 bde
350 3340 495 3398 dubitatio
527 3341 599 3411 fuit,
629 3344 698 3418 quin
727 3362 826 3402 omnes
857 3344 948 3401 tribus
974 3343 1064 3418 legem
1094 3343 1276 3414 abrogarent

254 3428 331 3520 ffiuti
351 3447 437 3504 annis
458 3458 526 3524 post
548 3449 690 3524 abrogata
711 3459 755 3506 est
775 3450 861 3524 quam
884 3451 952 3507 lata.

255 3560 264 3605 l
302 3553 344 3611 M.
372 3554 499 3613 Porcius
526 3554 643 3624 consul,
672 3563 825 3630 postquam
854 3556 996 3630 abrogata
1023 3555 1072 3612 lex
1100 3553 1197 3628 Oppia
1224 3550 1306 3615 osiel

254 3661 363 3736 nauplo
402 3661 506 3736 viginti
542 3661 667 3736 quinque
698 3661 819 3717 navibus
851 3660 961 3735 longis,
997 3679 1137 3738 quarum,
1152 3656 1277 3731 quinque

254 3761 360 3829 librum
382 3776 476 3838 erant,
498 3767 536 3824 ad
551 3767 641 3823 Lunae
657 3776 770 3842 portum
790 3765 935 3840 profectus
953 3776 1005 3837 est,
1026 3765 1126 3824 eodem
1149 3761 1276 3819 exercitu

254 3866 369 3931 monim
394 3873 485 3943 iusso,
509 3881 538 3929 et
559 3873 652 3929 edicto
676 3890 728 3947 per
748 3890 829 3928 oram
851 3871 1023 3928 maritimam
1045 3869 1133 3929 rasso
1154 3866 1305 3924 navibus5

254 3974 310 4034 hta
329 3978 447 4054 generis
467 3977 639 4047 contractis,
670 3978 708 4035 ab
731 3979 813 4034 Luna
841 3977 1023 4052 proficiscens
1044 3974 1150 4043 edixit,
1177 3980 1209 4027 ut
1238 3971 1275 4027 ad

254 4084 329 4139 *hm
344 4084 482 4159 Pyrenei
498 4093 698 4158 sequerentur3
719 4083 785 4140 inde
806 4101 838 4140 se
857 4081 1000 4157 frequenti
1019 4081 1111 4138 classe
1128 4077 1165 4134 ad
1179 4074 1275 4130 hostes

254 4186 328 4246 *son
374 4189 564 4247 Praetervecti
579 4188 745 4263 Ligustinos
765 4198 877 4244 montes
898 4187 1048 4260 sinumque
1069 4180 1214 4242 Gallicum
1238 4178 1306 4234 adb

254 4279 304 4366 bt,
327 4313 419 4371 quam
442 4295 571 4365 dixerat,
593 4303 796 4352 convenerunt.
843 4293 916 4351 Inde
936 4291 1068 4350 Rhodam
1090 4293 1223 4351 ventum,
1247 4292 1276 4340 ot
