3484 5025
760 1378 946 1459 uinea
982 1378 1208 1504 xxxin.

938 1591 1038 1600 ..ι-

456 1677 536 1769 Hae
554 1727 607 1784 per
626 1709 749 1766 hiemem
772 1719 868 1783 gesta3
900 1708 981 1766 initio
1003 1718 1098 1767 autem
1120 1709 1196 1767 veris
1219 1708 1387 1783 Quinctius,
1410 1711 1447 1766 At

457 1814 590 1871 Elateam
602 1815 706 1885 excito,
722 1814 890 1873 Boeotornm
904 1824 1027 1890 gentem,
1045 1814 1160 1872 incertis
1178 1815 1216 1872 ad
1234 1833 1299 1871 eam
1317 1813 1393 1870 diem
1410 1830 1447 1869 an

456 1919 649 1992 fluctuantem,
669 1919 788 1978 dicionis
803 1939 862 1977 snae
876 1918 972 1978 facere
990 1921 1115 1996 cupiens,
1130 1920 1276 1997 profeotus
1291 1939 1345 1995 per
1355 1918 1446 1977 Phoci

457 2024 687 2100 quinquemillia
701 2028 738 2084 ab
751 2026 870 2095 Thebis,
893 2025 972 2100 quod
986 2036 1074 2101 caput
1088 2038 1129 2083 est
1146 2026 1274 2098 Boeotiae,
1295 2026 1394 2102 posuit
1407 2042 1447 2084 cat

426 2128 529 2188 blnda
556 2142 673 2207 postero
701 2133 748 2189 die
774 2132 939 2190 eumenius
962 2131 1036 2207 signi
1059 2132 1194 2190 militibus
1217 2142 1245 2189 et
1265 2132 1369 2190 Attalo
1391 2131 1447 2207 legs

456 2236 610 2312 nibusque,
639 2256 703 2312 quae
725 2236 889 2312 frequentes
913 2237 1039 2311 undique
1060 2248 1266 2310 convenerant,
1297 2238 1393 2313 pergit
1413 2237 1447 2293 irt

457 2343 571 2413 urbem,
600 2342 685 2400 iussis
716 2344 838 2419 legionis
866 2344 989 2401 hastatis
1020 2348 1067 2417 (ea
1088 2345 1145 2402 duo
1167 2344 1256 2401 millia
1278 2344 1400 2402 militum
1419 2362 1447 2401 er

426 2445 538 2522 3sequi
565 2466 596 2504 se
626 2448 703 2504 mille
734 2468 872 2525 passuum
899 2448 1051 2506 intervallo
1074 2450 1254 2511 distantibus.
1308 2449 1359 2507 Ad
1389 2448 1447 2506 med

455 2553 546 2612 ferme
572 2555 626 2612 viae
653 2556 821 2612 Boeotorum
851 2565 958 2630 praetor
985 2557 1152 2633 Antiphilus
1184 2558 1285 2615 obvius
1314 2554 1385 2624 iuit3
1418 2573 1447 2611 ce

457 2660 608 2717 multitudo
645 2680 661 2718 e
696 2661 785 2718 muris
820 2662 975 2719 adventum
1005 2663 1187 2737 imperatoris
1216 2662 1342 2720 Romani
1380 2661 1447 2736 regit

426 2765 443 2819 4
456 2766 720 2841 prospeculabatur.
766 2769 846 2826 Rara
860 2787 942 2825 arma
958 2769 1100 2844 paucique
1115 2768 1218 2825 milites
1233 2767 1310 2824 circa
1323 2786 1374 2824 eos
1390 2786 1447 2842 app

456 2872 539 2941 bant3
571 2873 702 2929 hastatos
731 2883 883 2948 sequentes
911 2875 1011 2949 procul
1042 2873 1189 2931 anfractus
1220 2872 1333 2929 viarum
1365 2873 1447 2929 vallet

365 3013 369 3021 ·
426 2977 609 3034 dioterieetae
637 2979 814 3037 occulebant.
862 2978 958 3052 Quum
979 2979 1037 3037 iam
1060 2978 1305 3054 appropinquaret
1327 2978 1406 3048 urbi,
1435 2997 1447 3034 i

457 3084 572 3141 obviam
594 3084 785 3160 egredientem
808 3087 923 3142 turbam
945 3086 1092 3156 salutaret,
1113 3085 1222 3142 tardius
1236 3083 1401 3151 incedebam
1424 3101 1447 3140 ct

426 3191 519 3247 derat
532 3209 629 3260 morae,
651 3200 682 3246 ut
702 3190 809 3247 hastati
823 3201 1073 3266 consequerentur.
1116 3189 1271 3266 Oppidani,
1293 3199 1362 3246 ante
1383 3189 1447 3246 licto

456 3297 541 3353 turba
567 3307 649 3367 acta,
675 3295 833 3354 insecutum
855 3296 1004 3355 confestim
1027 3316 1130 3373 agmen
1155 3306 1331 3354 armatorum
1355 3313 1447 3352 nona

456 3421 544 3478 quam
587 3402 624 3458 ad
665 3402 820 3477 hospitium
857 3402 1039 3479 imperatoris
1075 3415 1191 3460 ventum
1225 3412 1282 3473 est,
1326 3419 1447 3476 consper

427 3509 548 3579 7Tnm,
585 3507 662 3564 velut
688 3507 804 3582 prodita
834 3506 903 3565 dolo
932 3509 1075 3585 Antiphili
1104 3508 1234 3584 praetoris
1261 3508 1332 3564 urbe
1360 3517 1447 3582 capta

456 3614 663 3688 obstupuerunt
690 3631 806 3684 omnes,
833 3622 861 3670 et
887 3616 1047 3689 apparebat
1073 3614 1144 3671 nihil
1171 3614 1266 3671 liberae
1295 3612 1446 3670 consultati

457 3719 587 3790 concilio,
608 3720 685 3794 quod
706 3720 736 3776 in
757 3719 832 3776 diem
847 3730 993 3794 posterum
1010 3719 1147 3777 indictum
1163 3730 1226 3777 erat
1240 3720 1361 3791 Boeotis,
1382 3719 1447 3776 relic

427 3827 530 3885 8esso.
577 3827 725 3882 Texernnt
752 3825 896 3897 dolorem,
925 3844 1009 3900 quem
1039 3834 1067 3882 et
1093 3826 1283 3900 nequicquam
1315 3835 1343 3883 et
1369 3845 1427 3882 non

363 3927 386 3997 2
459 3930 585 4006 periculo
606 3931 804 3988 ostendissent.
855 3933 890 3989 In
914 3931 1033 3989 concilio
1055 3933 1173 3989 Attalns
1194 3932 1302 4007 primns
1324 3929 1447 3993 verbai

457 4037 550 4096 Orsus
571 4056 590 4093 a
613 4037 754 4094 maiorum
775 4056 892 4095 suorum
920 4038 1037 4112 suisque
1066 4046 1095 4093 et
1121 4037 1318 4095 communibus
1345 4039 1375 4094 in
1397 4056 1447 4094 omi

427 4142 601 4203 2Graeciam
623 4153 652 4199 et
672 4143 797 4218 propriis
817 4143 847 4200 in
867 4144 1035 4201 Boeotorum
1056 4156 1170 4217 gentem
1191 4143 1315 4214 meritis,
1336 4143 1433 4201 senior

457 4258 486 4308 et
502 4249 650 4320 infirmior,
672 4267 758 4323 qnam
781 4259 812 4305 ut
832 4250 1042 4307 contentionem
1057 4249 1169 4306 dicendi
1186 4249 1348 4321 sustineret,
1370 4251 1447 4307 obmt
