3484 5025
528 503 607 554 inber
622 502 747 555 mm
785 502 832 567 (Δ.
845 500 894 553 cb
912 504 983 566 Μ.)
1183 505 1235 563 111

267 706 318 764 pre
360 687 436 745 euim
473 707 510 746 ne
540 688 659 746 AEtolos
690 688 805 763 quidem
837 689 1001 763 quieturos,
1039 706 1127 762 quum
1167 689 1281 763 ingenio

267 794 400 869 pietem,
430 800 491 852 tnm
523 794 627 852 iratam
656 795 798 853 Romanis
826 803 950 870 gentem.
995 794 1113 852 Harere
1145 804 1174 853 st
1204 794 1313 853 aliodd

282 899 445 957 visceribus
476 898 598 959 Graecim
629 901 730 976 ingens
761 900 887 969 melum,
923 900 1050 970 Nabim,
1086 918 1161 959 nuno
1193 902 1283 959 Laee-

267 1006 451 1076 monimum,
489 1024 574 1075 mox,
617 1006 643 1063 si
673 1006 775 1076 liceat,
816 1006 957 1065 universas
996 1005 1118 1066 Gracia
1155 1004 1281 1064 futorum

267 1128 398 1182 mum,
439 1112 563 1171 avaritia
603 1122 632 1169 et
670 1112 837 1170 crudelitate
877 1130 976 1171 omues
1009 1110 1089 1169 fama
1124 1112 1283 1169 celebratos

267 1234 367 1274 mos
395 1228 570 1291 aequantem
601 1218 648 1275 oui
675 1219 701 1276 si
721 1222 820 1294 Argoa
846 1218 927 1275 velut
958 1236 1053 1275 arcem
1081 1217 1312 1293 Peloponueaotl

267 1322 393 1397 positam
435 1332 532 1381 tenere
572 1324 677 1393 liceat,
720 1324 880 1400 deportatis
920 1323 950 1380 iu
991 1324 1109 1381 Italiam
1144 1321 1283 1381 Romanis

267 1428 416 1498 trcidbus,
450 1430 641 1504 nequicquam
669 1430 821 1488 liberatam
847 1450 867 1487 a
887 1430 1022 1507 Philippo
1045 1430 1189 1489 Graeciam
1210 1427 1283 1497 fore,

267 1552 379 1609 trega,
400 1534 425 1590 si
446 1535 515 1593 nihil
536 1536 623 1605 aliud,
643 1535 800 1612 longinquo
823 1536 948 1595 vicinum
967 1547 1119 1613 tyrannum
1136 1535 1282 1593 domiuum

267 1639 401 1699 bimam
448 1640 520 1699 Haec
544 1660 631 1715 quum
659 1644 696 1699 ab
725 1654 786 1699 tam
814 1643 953 1717 gravibus
981 1642 1161 1711 auctoribus,
1193 1638 1282 1718 [tum]
1334 1634 1375 1703 45

267 1746 397 1812 ἰιιοωῃὶα
417 1765 470 1821 per
489 1765 521 1803 se
541 1748 623 1821 ipsos
641 1748 794 1823 explorata
814 1748 968 1820 afferrent,
991 1748 1169 1818 audiremur,
1192 1747 1313 1805 maior2

267 1874 281 1924 v,
304 1853 385 1927 qnod
406 1852 444 1909 ad
465 1853 640 1909 Antiochum
663 1853 805 1921 attineret,
829 1854 1003 1912 maturanda
1023 1854 1125 1929 magis,
1147 1855 1282 1928 quoniam

267 1979 277 2017 r
300 1976 473 2034 quacunque
501 1958 647 2015 decanea
674 1958 705 2015 in
727 1958 841 2034 Syriam
862 1958 1065 2029 omoessisset,
1095 1961 1132 2017 de
1160 1968 1283 2036 tyrenum

267 2064 403 2124 ssultatio
433 2063 497 2120 visa
528 2072 579 2122 ast
626 2064 722 2137 Quum
755 2065 804 2122 diu
837 2064 1027 2139 disceptatum
1061 2074 1151 2135 esset,
1189 2067 1313 2122 utrum3

267 2171 302 2228 ia
329 2170 389 2227 iam
420 2187 515 2226 causas
546 2170 706 2241 videretur,
750 2190 801 2227 cnr
840 2170 1040 2226 decerneretur
1078 2172 1202 2239 bellum,
1247 2188 1285 2228 au

267 2277 425 2335 mitterent
455 2277 491 2335 Τ.
524 2275 672 2349 Quinctio,
709 2278 787 2351 quod
823 2277 860 2333 ad
894 2275 1003 2332 Nabim
1035 2276 1284 2335 Lacedaemonium

267 2381 371 2451 intret,
393 2379 509 2452 faceret,
532 2383 609 2457 qnod
631 2401 648 2438 e
667 2402 699 2440 re
720 2382 974 2457 publicacenseret
994 2400 1068 2452 esse,
1088 2382 1285 2457 permiserunt.

267 2506 297 2553 ι
326 2507 389 2546 rem
419 2506 482 2546 esse
510 2490 581 2558 rati,
614 2508 677 2564 qnae
708 2498 854 2547 maturata
881 2488 1009 2547 dilatare
1034 2507 1092 2546 non
1120 2487 1161 2545 its
1185 2486 1315 2562 meguid

267 2593 372 2654 umenti
390 2594 429 2651 ad
450 2613 591 2651 summam
610 2615 672 2653 rem
693 2596 838 2671 publicam
860 2604 951 2664 esaet3
979 2594 1072 2671 magis
1101 2594 1130 2652 id
1156 2593 1315 2651 animm-5

267 2701 401 2760 mendum
426 2719 503 2768 essa,
537 2701 605 2775 quid
634 2701 782 2758 Hannibal
809 2711 838 2758 et
867 2699 1134 2775 Carthaginienses,
1164 2700 1188 2757 si
1221 2717 1285 2757 cum

267 2808 380 2867 niooho
402 2807 507 2864 bellum
528 2817 636 2863 motum
658 2806 741 2876 foret,
764 2806 857 2863 acturi
879 2815 983 2863 essent.

315 2913 458 2971 Adversa
472 2912 630 2969 Hannibali
649 2911 784 2968 factionis
805 2912 935 2969 homiues
951 2911 1126 2987 principibus
1136 2909 1285 2981 Romanis,
1299 2914 1316 2967 6

267 3018 394 3094 spitibus
409 3017 530 3091 quiaque
546 3018 613 3084 sois,
635 3018 787 3075 identidem
803 3017 974 3101 scribebant,
992 3016 1108 3073 nuntios
1120 3015 1286 3088 litterasque
1373 3017 1377 3027 '

292 3123 458 3182 Hannibale
479 3124 518 3180 ad
538 3125 712 3182 Antiochum
735 3123 839 3180 missos
867 3133 896 3180 et
916 3124 955 3179 ab
975 3141 1044 3196 rege
1067 3123 1105 3178 ad
1125 3139 1189 3178 eum
1211 3120 1285 3177 olam

267 3242 345 3306 patos
364 3230 493 3298 venisse;
524 3239 556 3286 nt
582 3229 660 3286 feras
690 3229 831 3304 quasdam
859 3229 940 3285 nulla
965 3228 1113 3285 mitescere
1139 3235 1215 3296 arte,
1245 3225 1315 3284 aiol

269 3337 370 3394 mitem
398 3346 428 3392 et
449 3335 658 3411 implacabilem
689 3337 749 3393 eius
777 3335 833 3392 viri
853 3335 980 3392 animum
1003 3334 1082 3403 esse3
1111 3348 1287 3389 marcescere

267 3442 362 3501 licitu
384 3441 465 3515 queri
488 3441 633 3498 civitatem
664 3453 692 3499 et
720 3442 822 3499 inertia
853 3441 943 3517 sopiri
969 3459 1022 3497 neo
1050 3440 1111 3496 sine
1141 3455 1285 3496 armorum
1331 3472 1335 3485 ,

267 3549 329 3607 nitu
351 3548 471 3605 excitari
492 3565 585 3622 posse.
641 3549 713 3605 Hac
738 3548 903 3623 probabilia
932 3546 1070 3604 memoria
1095 3543 1199 3620 prioris
1221 3541 1316 3601 battis

267 3673 287 3712 r·
319 3672 407 3711 unum
446 3653 525 3710 illum
564 3672 621 3710 nou
660 3653 753 3727 magis
794 3655 866 3728 gesti
905 3672 991 3728 quam
1039 3651 1108 3708 moti
1150 3649 1284 3708 faciebat.

267 3757 404 3817 ritaret-at
434 3758 520 3815 etiam
551 3759 658 3816 recenti
687 3758 765 3816 facto
795 3760 948 3816 multorum
976 3755 1134 3833 potentium
1163 3755 1284 3813 animos.

268 3862 364 3920 dmum
396 3865 469 3920 ordo
500 3863 677 3941 Carthagine
707 3883 744 3920 aa
781 3873 951 3939 tempestate
990 3861 1208 3933 dominabatur,
1249 3879 1284 3920 eo
1336 3855 1378 3924 46

267 3968 377 4040 nime,
412 3970 490 4045 qnod
521 3970 607 4027 iidem
638 3969 769 4046 perpetui
799 3969 908 4026 iudices
942 3975 1031 4023 erant.
1097 3968 1171 4038 Res,
1206 3967 1314 4026 iama2

267 4086 353 4151 taque
380 4077 507 4133 omnium
534 4076 564 4132 in
592 4076 705 4133 illorum
734 4085 877 4151 potestate
907 4083 977 4131 erat.
1025 4071 1086 4146 Qui*
1110 4091 1196 4130 unum
1225 4073 1285 4133 eiua

267 4180 343 4238 dinis
374 4179 555 4253 offendisset,
587 4200 687 4239 omnes
713 4182 851 4238 adversos
880 4179 1021 4248 habebat,
1052 4197 1104 4236 nec
1134 4187 1286 4235 accusator

267 4288 313 4345 ud
331 4286 459 4347 brieno·
478 4288 587 4346 iudicas
607 4288 716 4348 deerat.
758 4287 871 4344 Horum
892 4285 925 4342 iu
944 4296 1004 4349 tam
1025 4285 1176 4361 impotenti
1195 4285 1315 4360 regnet
