3484 5025
445 501 502 556 106
690 496 767 545 arao
783 495 908 548 xxxm.
945 496 992 561 (s.
1008 510 1033 546 n.
1047 496 1153 556 assa.)

399 701 451 759 per
474 691 586 757 portam
610 680 758 758 Capenam
780 700 871 757 prope
892 681 1015 739 intactus
1037 691 1179 739 evaserat.
1232 682 1305 740 Hoec
1325 700 1382 757 pro

400 787 557 846 maioribus
578 788 678 845 hostiis
702 798 769 846 sunt
789 795 953 864 procurata.

305 885 348 954 27
483 895 590 952 Iisdem
601 894 701 952 diebus
712 893 766 953 Cn.
779 893 929 952 Cornelius
940 893 1049 964 Blasio,
1066 894 1115 969 qui
1130 904 1197 951 ante
1211 891 1245 954 C.
1256 893 1382 969 Sempro}

401 1000 578 1058 Tuditanum
601 1000 760 1058 citeriorem
781 999 953 1075 Hispaniam
976 1000 1148 1070 obtinuerat,
1170 1017 1262 1057 ovans
1283 1018 1322 1057 ex
1342 1017 1382 1058 set

370 1104 530 1163 iconsulto
559 1108 658 1164 urbem
688 1114 732 1163 est
759 1106 914 1180 ingressus.
972 1104 1053 1162 Tulit
1079 1124 1139 1179 prae
1168 1123 1200 1163 se
1228 1105 1293 1163 auri
1322 1104 1382 1163 mill

401 1211 557 1286 quingenta
593 1212 754 1286 quindecim
783 1212 898 1287 pondo,
936 1211 1047 1285 argenti
1080 1210 1181 1285 viginti
1212 1210 1319 1282 millia,
1352 1211 1382 1288 ais

369 1317 549 1375 3denarium
570 1318 687 1393 triginta
708 1328 844 1392 quattuor
865 1316 955 1374 millia
976 1326 1005 1373 et
1026 1316 1205 1391 quingentos.
1254 1318 1291 1379 L.
1306 1316 1382 1377 Stat

400 1441 437 1479 ex
473 1423 607 1481 ulteriore
641 1421 802 1499 Hispania,
843 1441 880 1479 ne
923 1430 1033 1478 tentata
1070 1423 1184 1497 quidem
1224 1423 1359 1499 triumphi

369 1528 608 1603 lquinquaginta
637 1529 726 1587 millia
756 1529 853 1605 pondo
885 1527 996 1603 argenti
1024 1527 1054 1584 in
1075 1527 1207 1585 ararium
1229 1529 1340 1601 intulit,
1369 1548 1382 1588 a

399 1635 541 1692 manubiis
569 1637 642 1693 duos
671 1634 795 1693 fornices
823 1635 852 1691 in
882 1632 947 1692 foro
975 1633 1077 1692 boario
1106 1644 1173 1692 ante
1201 1636 1339 1692 Fortuna
1363 1653 1382 1694 a

400 1752 428 1796 et
442 1741 542 1798 matris
556 1742 685 1813 Matuta,
707 1761 793 1799 unum
812 1741 841 1798 in
856 1740 984 1797 maximo
1000 1740 1075 1799 circo
1092 1740 1169 1809 iecit,
1191 1749 1220 1797 et
1238 1742 1284 1799 his
1300 1741 1382 1800 fornic

400 1846 483 1920 signa
503 1856 607 1906 aurata
626 1848 771 1922 imposuit
813 1846 885 1904 Haec
906 1864 959 1921 per
978 1846 1101 1903 hiemem
1123 1845 1215 1905 ferme
1237 1858 1311 1906 acta.

369 1954 386 2005 5
482 1952 664 2010 Hibernabat
685 1972 720 2010 co
741 1962 872 2029 tempore
893 1951 1002 2009 Elateae
1017 1952 1052 2009 T.
1065 1952 1225 2025 Quinctius,
1247 1972 1266 2011 a
1287 1970 1382 2028 quoq

399 2057 489 2114 multa
505 2058 576 2116 socii
590 2068 728 2134 peterent,
749 2057 845 2115 Boeoti
866 2057 1010 2132 petierunt
1029 2058 1323 2135 impetraveruntque,
1345 2067 1381 2129 ut,

398 2180 458 2221 sua
493 2164 586 2238 gentis
621 2164 790 2223 militassent
819 2164 897 2239 apud
925 2162 1107 2238 Philippum,
1147 2164 1202 2221 sibi
1230 2166 1382 2224 restituere

369 2268 433 2326 old
456 2288 474 2326 a
495 2269 629 2343 Quinctio
655 2268 740 2328 facile
762 2270 962 2345 impetratum,
989 2288 1048 2327 non
1078 2269 1147 2343 quia
1176 2271 1247 2328 satis
1277 2272 1378 2347 dignos

398 2376 548 2448 credebat,
588 2376 639 2434 sed
678 2376 761 2451 quia,
803 2375 949 2434 Antiocho
986 2393 1054 2450 rege
1089 2374 1147 2432 iam
1180 2387 1332 2453 suspecto,
1368 2374 1382 2436 i

369 2482 592 2540 leonciliandus
619 2482 728 2541 nomini
755 2484 889 2541 Romano
919 2480 996 2557 apud
1026 2480 1156 2539 civitates
1187 2492 1258 2541 erat.
1308 2482 1382 2544 Beati

398 2588 452 2658 iis,
473 2587 622 2645 confestim
644 2580 793 2666 apparuit,
821 2608 908 2664 qnam
929 2588 1009 2645 nulla
1028 2588 1100 2646 inita
1122 2589 1199 2664 apud
1220 2589 1343 2648 Boeotos
1361 2606 1382 2665 p

400 2703 488 2764 esset3
510 2713 578 2751 nam
593 2696 631 2752 ad
642 2696 808 2771 Philippum
823 2694 936 2770 legatos
950 2694 1059 2769 gratias
1074 2703 1191 2770 agentes
1215 2696 1242 2752 ei
1263 2715 1319 2771 pro
1340 2695 1382 2755 red

398 2800 577 2871 hominibus,
606 2799 723 2874 perinde
754 2810 840 2875 atque
866 2801 953 2877 ipsis,
981 2808 1010 2858 et
1032 2819 1089 2859 non
1111 2800 1246 2874 Quinctio
1268 2811 1300 2860 et
1318 2805 1382 2862 Ros

368 2907 429 2964 8id
457 2907 556 2963 datum
580 2914 669 2975 esset,
697 2907 851 2977 miserunt3
891 2917 919 2964 et
948 2907 1069 2964 comitiis
1101 2906 1239 2981 proximis
1264 2907 1382 2967 Boeoter

399 3013 436 3069 ob
466 3011 574 3069 nullam
601 3011 688 3068 aliam
717 3031 835 3070 cansam
861 3013 1043 3090 Brachyllem
1073 3012 1231 3086 quendam,
1263 3034 1352 3090 quam
1377 3036 1382 3071 a

398 3116 550 3194 praefectus
569 3117 738 3175 Boeotorum
759 3119 837 3194 apud
858 3137 955 3194 regem
978 3118 1158 3176 militantium
1180 3117 1299 3191 fuisset,
1321 3121 1382 3181 faor

368 3224 386 3280 9
398 3224 546 3300 praeteritis
589 3224 739 3300 Zeuxippo
790 3233 818 3281 et
850 3224 1003 3282 Pisistrato
1047 3225 1182 3299 aliisque,
1228 3226 1281 3301 qui
1319 3229 1382 3286 Rou

350 3333 385 3387 10
398 3330 543 3387 societatis
569 3341 701 3387 auctores
727 3329 850 3388 fuerant.
897 3331 933 3387 Id
954 3349 1029 3409 agre
1051 3332 1128 3388 etin
1149 3333 1306 3407 praesentia
1326 3334 1382 3408 hil

399 3448 428 3494 ct
447 3437 477 3494 in
497 3435 624 3494 futurum
644 3436 730 3492 etiam
752 3447 859 3494 metum
883 3443 1035 3511 ceperunt3
1065 3455 1151 3509 quum
1181 3437 1220 3493 ad
1242 3450 1382 3515 portasp

350 3545 383 3598 ll
398 3544 514 3601 sedente
535 3543 661 3601 exercitu
682 3544 815 3601 Romano
837 3562 873 3600 ea
892 3544 1009 3610 fierent,
1033 3542 1168 3616 quidnam
1190 3562 1223 3600 se
1244 3544 1372 3603 futurum

398 3649 534 3726 profectis
561 3650 590 3707 in
619 3649 735 3706 Italiam
756 3648 913 3718 Romanis,
940 3649 1076 3724 Philippo
1106 3669 1143 3706 ex
1169 3651 1336 3726 propinquo
1360 3666 1382 3709 tt

308 3747 354 3817 28
399 3755 554 3812 adiuvante
586 3765 615 3812 et
642 3754 746 3813 infesto
774 3755 826 3826 iis,
858 3755 908 3831 qui
937 3755 1027 3830 partis
1048 3756 1177 3812 adversae
1197 3754 1331 3815 fuissent.
1373 3755 1382 3815 l

399 3862 532 3918 Romana
567 3880 649 3918 arma
686 3861 717 3919 in
744 3861 906 3937 propinquo
943 3861 1097 3930 haberent,
1130 3859 1230 3918 tollere
1264 3859 1382 3938 Brachyl

368 3967 555 4043 2principem
577 3966 723 4024 fautorum
743 3968 828 4042 regis,
850 3976 1025 4036 statuerunt,
1047 3975 1075 4023 et
1095 3976 1225 4041 tempore
1248 3968 1288 4024 ad
1310 3986 1370 4049 cam

398 4081 493 4148 capto,
516 4091 604 4147 quum
619 4073 648 4130 in
665 4073 781 4148 publico
795 4074 927 4148 epulatus
945 4081 1137 4130 reverteretur
1151 4073 1269 4131 domum
1286 4073 1382 4135 temnit

368 4177 637 4254 3prosequentibus
657 4178 791 4236 mollibus
812 4179 897 4250 viris,
926 4178 976 4254 qui
1001 4178 1058 4236 ioci
1084 4196 1173 4236 causa
1194 4181 1333 4240 convivio
1352 4176 1382 4240 od

398 4282 595 4354 interfuerant,
610 4285 647 4341 ab
658 4301 710 4341 sex
722 4286 850 4355 armatis,
866 4302 987 4358 quornm
1001 4292 1059 4341 tres
1071 4283 1174 4355 Italici,
1189 4294 1248 4343 tres
1260 4287 1382 4345 AEtolis
