3484 5025
438 509 477 564 60
698 501 776 564 Lihar
787 500 926 550 XXXVII.
947 501 993 563 (A.
1005 515 1032 549 u.
1046 515 1069 549 c.
1085 499 1160 565 ⁶⁶4.)

366 690 517 749 leundem
532 688 628 745 locum
642 700 852 763 processerunt.
895 689 955 745 Per
976 688 1082 745 multos
1104 689 1193 744 horas
1210 685 1306 743 intenti
1316 694 1345 744 ut

397 795 475 853 velut
504 795 563 851 iam
589 794 717 852 futurum
748 796 886 870 impetum
910 803 1163 869 exspectaverant3
1196 802 1340 869 postquam

352 911 358 919 ¹
397 900 498 977 procul
520 917 624 958 occasu
646 900 715 958 solis
736 899 875 958 redeundi
895 900 925 956 in
951 909 1049 956 castra
1069 909 1185 975 tempus
1207 907 1276 969 erat,
1301 914 1345 971 reg

279 1073 286 1085 „
397 1008 442 1064 nis
474 1005 586 1063 collatis
608 1006 698 1076 abire,
730 1006 845 1081 agmine
875 1005 913 1062 ad
944 1005 999 1062 iter
1030 1005 1125 1081 magis
1150 1023 1237 1081 quam
1265 1003 1302 1060 ad
1327 1021 1344 1077 p

282 1140 284 1143 ·
367 1112 567 1187 doompositm
598 1131 719 1187 coepere.
769 1112 886 1185 Quievit
923 1112 1108 1187 Diophanes,
1142 1112 1210 1169 dum
1234 1111 1273 1170 ¹in
1303 1128 1345 1166 cot

397 1230 494 1287 erant3
515 1217 618 1275 deinde
640 1212 752 1289 eodem,
775 1237 832 1292 quo
853 1218 955 1294 pridie,
976 1219 1085 1293 impetu
1107 1218 1137 1275 in
1158 1226 1332 1293 postremum

397 1323 524 1394 incurrit,
553 1331 722 1398 tantumque
755 1342 855 1381 rursus
884 1324 1002 1400 pavoris
1024 1342 1059 1381 ac
1086 1324 1228 1381 tumultus
1258 1322 1345 1379 incms

399 1448 486 1504 quum
514 1438 597 1503 terga
626 1429 811 1498 cederentur,
838 1449 923 1487 nemo
949 1431 1097 1504 pugnandi
1119 1448 1210 1488 censa
1230 1425 1345 1486 rastiten'

398 1534 588 1611 pidantesque
616 1545 644 1593 et
668 1535 719 1592 vix
740 1535 870 1592 ordinem
894 1535 1016 1609 agminis
1039 1545 1190 1593 servantes
1212 1536 1241 1592 in
1264 1543 1345 1591 casm

368 1641 473 1717 dpulsi
502 1650 576 1698 suut.
618 1642 691 1699 Haeo
718 1641 893 1698 Achaeorum
917 1641 1039 1700 audacia
1061 1642 1215 1702 Seleucum
1237 1659 1275 1698 ex
1296 1657 1345 1714 agr

398 1766 522 1821 gameno
544 1767 660 1805 movero
682 1757 778 1805 castra
799 1747 902 1821 coegit.

482 1853 646 1911 Antiochus
668 1864 823 1929 postquam
845 1839 995 1910 Romanos
1018 1852 1216 1909 adtuendam
1234 1853 1345 1925 Adramj

400 1958 512 2016 venisse
534 1960 654 2031 audivit,
686 1979 721 2016 ea
743 1960 857 2034 quidem
885 1960 955 2016 urbe
977 1957 1129 2028 abstinuit;
1157 1958 1345 2033 depopulatus

370 2066 531 2126 5Peroeam
552 2065 629 2137 inde,
652 2066 794 2123 coloniam
816 2064 1056 2139 Mitylenaeorum‚
1078 2065 1269 2139 expugnavit.
1305 2062 1345 2121 Co

401 2170 560 2247 Corylenus
587 2181 616 2228 et
638 2170 833 2246 Aphrodisias
855 2180 884 2227 et
905 2169 999 2228 Crane
1019 2170 1114 2245 primo
1136 2171 1246 2245 impetu
1270 2179 1345 2246 capta

371 2277 467 2337 dinde
489 2297 541 2352 per
561 2278 732 2353 Thyatiram
756 2277 857 2335 Sardis
883 2277 975 2336 rediit.
1022 2275 1160 2335 Seleucus
1189 2278 1219 2333 in
1242 2296 1296 2334 ora
1316 2296 1343 2333 m

401 2401 572 2458 permanens
593 2382 657 2439 aliis
681 2383 784 2439 terrori
807 2391 878 2452 erat,
908 2383 973 2439 aliis
996 2382 1140 2458 praesidio.
1195 2382 1307 2441 Classis
1326 2383 1345 2439 lt

402 2488 624 2546 oum'Eumene
652 2488 832 2563 Rhodiisque
858 2489 1016 2565 Mitylenen
1043 2489 1147 2567 primo,
1177 2490 1246 2546 inde
1274 2499 1345 2547 retro

372 2595 533 2673 7prolecta
554 2599 625 2664 erat,
647 2593 756 2650 Elaeam
778 2595 870 2654 rediit.
912 2596 985 2652 Inde
1007 2595 1161 2651 Phocaeam
1185 2604 1344 2671 petentesa

401 2688 470 2773 lain,
482 2721 570 2777 quam
579 2699 735 2757 Bacchium
751 2711 858 2757 vocant
882 2702 1024 2768 (imminet
1035 2701 1098 2757 urbi
1110 2702 1343 2774 Phocaeensium)

402 2810 495 2865 lerunt
510 2818 547 2880 et,
566 2809 668 2882 quibus
686 2817 753 2862 ante
771 2807 970 2863 abstinuerant
985 2806 1098 2880 templis
1109 2806 1260 2882 signisque
1272 2809 1345 2882 (egre

401 2925 458 2969 tem
474 2921 615 2968 exornata
630 2911 725 2969 insula
741 2914 826 2984 erat),
842 2932 929 2986 quum
948 2912 1089 2969 hostiliter
1104 2911 1302 2985 diripuissent,
1317 2913 1345 2970 ai

343 3061 345 3065 -
372 3019 501 3076 8urbem
534 3016 762 3074 transmiserunt.
817 3019 892 3077 Eam
926 3018 1024 3075 divisis
1048 3018 1123 3074 inter
1154 3037 1187 3074 se
1217 3021 1345 3093 partibus

402 3133 611 3199 oppugnarent,
643 3134 671 3179 et
692 3124 837 3181 videretur
858 3125 919 3180 sinc
941 3124 1079 3199 operibus
1109 3125 1199 3182 armis
1222 3127 1345 3200 scalisqu

403 3248 496 3304 posse,
518 3229 635 3286 missum
659 3231 696 3285 ab
707 3231 853 3287 Antiocho
877 3229 1039 3304 praesidium
1052 3232 1137 3288 trium
1151 3232 1272 3288 millium
1286 3250 1344 3288 arm

372 3339 488 3410 9quum
512 3336 646 3392 intrasset
668 3337 777 3404 urbem,
806 3336 951 3409 extemplo
983 3336 1201 3411 oppugnatione
1233 3339 1340 3394 omissa

403 3419 441 3498 ad
461 3443 583 3500 insulam
605 3460 636 3497 se
654 3441 770 3515 recepit,
792 3441 861 3497 nihil
882 3442 960 3497 aliud
983 3457 1068 3515 quam
1082 3443 1263 3516 depopulato
1276 3445 1345 3501 circa

308 3538 349 3607 22
403 3548 527 3604 hostium
551 3566 630 3622 agro.
674 3549 747 3605 Inde
768 3547 876 3623 placuit
897 3548 1046 3604 Eumenen
1071 3548 1189 3605 domum
1213 3550 1345 3606 dimittis

402 3673 506 3729 parare
528 3655 637 3711 consuli
659 3666 746 3728 atque
774 3654 928 3724 exercitui,
957 3673 1021 3727 quae
1042 3654 1080 3709 ad
1102 3656 1257 3711 transitum
1280 3653 1345 3710 Heli

320 3745 331 3760 ’
402 3778 475 3834 opus
502 3768 606 3828 essent,
642 3762 804 3818 Romanam
834 3760 1037 3833 Rhodiamque
1066 3759 1188 3815 classem
1219 3760 1313 3817 redire
1337 3760 1345 3815 l

403 3873 490 3937 atque
510 3864 550 3920 ibi
572 3865 601 3921 in
623 3866 747 3922 statione
768 3882 840 3936 essa,
863 3884 899 3921 ne
922 3865 1118 3940 Polyxenidas
1141 3866 1179 3921 ab
1191 3867 1309 3940 Epheso
1322 3883 1344 3920 m

372 3966 467 4026 2Rex
496 3969 615 4040 Eleum,
643 3971 769 4028 Romani
797 3989 832 4026 ac
860 3971 967 4028 Rhodii
995 3970 1114 4028 Samum
1146 3971 1301 4028 redierunt,
1342 3967 1345 4023 j

402 4075 549 4145 AEmilius‚
569 4073 660 4132 frater
679 4076 819 4150 praetoris,
841 4076 972 4132 decessit.
1007 4076 1123 4146 Rhodii,
1140 4077 1291 4134 celebratis
1305 4090 1345 4132 ext

403 4181 542 4238 adversus
564 4181 694 4252 classem,
718 4201 804 4256 quam
826 4180 907 4238 fama
931 4190 993 4238 erat
1021 4201 1057 4238 ex
1080 4182 1168 4257 Syria
1190 4184 1296 4252 venire,
1318 4189 1345 4235 tn

403 4287 461 4343 suis
482 4287 605 4344 navibus
627 4299 735 4344 etune
756 4286 820 4345 Coa
842 4286 1049 4361 quinqueremi,
1072 4286 1165 4343 altera
1190 4284 1291 4343 Cnidia
1308 4281 1345 4341 tn

248 4370 256 4395 Ι
