3484 5025
789 490 826 533 1¹

277 668 364 724 dicam
391 688 430 725 au
459 668 617 727 audaculus
647 669 825 744 suspiciones
859 670 896 727 de
927 670 1150 745 interpolatione
1179 673 1208 729 in
1238 674 1338 731 codice

277 750 444 824 Mogentino
473 761 607 825 grassata
634 763 663 809 et
693 771 822 810 errorum
846 753 1089 827 mandatumque,
1119 772 1183 828 quae
1212 756 1241 812 in
1265 757 1342 813 Bet

277 832 441 906 vulgaribus
473 844 555 903 suut,
590 843 716 891 tentatas
742 835 944 892 excusationes
981 846 1031 891 aut
1060 837 1241 894 coniecturas
1272 838 1340 896 inde

275 915 372 972 ductas
396 915 485 973 facile
508 916 622 973 abiiciet
644 929 673 973 et
694 935 782 991 quum
807 928 919 974 ceteras
942 918 1106 992 Moguutiui
1132 920 1225 977 bonas
1246 922 1339 996 scrip-

275 1006 349 1055 turas
370 997 497 1056 libenter
518 999 649 1074 accipiet,
674 1009 735 1056 tum
756 1018 844 1056 voces
865 1000 895 1056 in
916 999 976 1068 illo,
1002 1019 1089 1074 quum
1112 1000 1141 1057 in
1164 1003 1266 1059 ceteris
1289 1004 1338 1059 de·

274 1080 335 1148 siut,
356 1091 504 1139 servatas.
548 1082 626 1138 Nam
648 1099 767 1157 prorsus
789 1082 834 1150 iis,
856 1100 920 1155 quoe
942 1082 1072 1156 pluribus
1093 1084 1191 1141 verbis
1213 1103 1339 1142 comme·

274 1163 398 1232 moravi,
426 1164 598 1221 lacunarum
620 1163 827 1239 supplementis
848 1164 954 1221 similia
981 1174 1077 1224 cetera
1105 1176 1188 1238 sunt,
1213 1166 1242 1223 in
1275 1186 1339 1241 quae

274 1246 397 1303 maxime
423 1246 476 1303 illa
503 1246 629 1321 suspicio
650 1246 882 1320 interpolationis
905 1247 1035 1305 coniecta
1060 1258 1118 1317 est;
1143 1248 1214 1306 nihil
1242 1249 1338 1317 iniis,

272 1329 347 1402 quod
365 1329 405 1385 ad
428 1329 599 1386 seutentiam
623 1329 904 1386 constructionemve
925 1330 1000 1387 male
1021 1329 1196 1388 intellectum
1219 1332 1339 1406 explen-

271 1411 335 1467 dam
356 1412 517 1485 pertineat,
546 1412 703 1485 reperitur,
734 1413 786 1468 sed
807 1430 854 1468 res
877 1412 915 1468 ad
938 1412 1014 1469 Livii
1040 1413 1201 1470 orationem
1223 1424 1338 1471 senten·

271 1494 398 1568 tiamque
420 1506 507 1569 aptae,
531 1512 604 1567 quas
627 1505 738 1563 tamen,
760 1496 786 1550 si
807 1513 826 1551 a
847 1495 933 1552 Livio
955 1495 1057 1569 positae
1078 1514 1137 1553 non
1158 1504 1263 1563 essent,
1286 1497 1338 1553 ad·

271 1576 336 1633 dere
357 1576 468 1634 nemini
482 1577 512 1632 iu
528 1586 651 1633 mentem
673 1577 810 1646 venisset,
832 1596 851 1633 a
874 1578 1131 1651 grammaticorum
1154 1589 1183 1636 et
1204 1579 1338 1636 librario·

270 1678 329 1716 rum
355 1658 505 1716 inferioris
525 1659 619 1715 aetatis
646 1668 733 1733 captu
754 1669 887 1729 remotae,
917 1661 1001 1717 bouis
1033 1671 1061 1717 et
1092 1662 1218 1736 antiquis
1240 1662 1338 1720 verbis

270 1743 484 1816 comprehensa
499 1741 659 1816 ceterisque
673 1741 832 1799 rectissime
845 1742 973 1802 iuclusae.
1016 1744 1191 1802 Huiusmodi
1206 1745 1256 1801 illa
1271 1754 1338 1801 sunt

269 1824 297 1879 in
323 1824 485 1892 XXXIV,
517 1829 550 1893 7,
580 1826 614 1895 2,
644 1824 694 1882 ubi
716 1825 969 1881 Weissenbornius
998 1824 1229 1900 interpolationis
1251 1845 1336 1884 accu-

270 1906 408 1963 sationem
437 1907 568 1981 pluribus
596 1907 726 1981 peragit,
756 1907 799 1964 bic
821 1908 917 1963 Romu
947 1909 1037 1979 infimo
1064 1913 1165 1982 penest,
1197 1912 1337 1981 magistris

269 1992 401 2057 vicorum,
426 1989 464 2045 de
486 1989 591 2062 quibus
613 2008 677 2063 quae
699 1990 777 2058 dicit,
802 1990 930 2064 permira
952 1999 1028 2050 sunt.
1075 1993 1237 2066 Aptissima
1260 1992 1336 2049 enim

270 2071 301 2129 L.
322 2072 477 2140 Valerius,
504 2072 585 2128 cuius
612 2071 663 2128 illa
684 2082 728 2128 est
754 2072 863 2139 oratio,
894 2081 925 2129 ut
945 2074 1137 2142 demonstret,
1169 2092 1255 2147 quarn
1278 2074 1336 2131 late

269 2163 365 2228 pateat
386 2172 525 2228 purpurae
545 2172 624 2221 usus,
647 2155 765 2211 urbanis
788 2155 1006 2229 magistratibus
1028 2156 1215 2231 municipales
1232 2157 1334 2215 adiun-

270 2238 317 2310 git,
339 2237 385 2293 his
407 2239 537 2293 urbanos
567 2237 622 2309 (bic
641 2236 746 2311 Rmnoe)
778 2257 815 2295 ne
837 2239 1025 2313 magistratus
1048 2238 1179 2311 quidem,
1201 2239 1252 2295 sed
1282 2240 1336 2295 mi·

271 2320 382 2378 nistros.
439 2319 491 2376 Ad
518 2319 631 2376 Valerii
663 2329 759 2376 autem
785 2321 1064 2395 argumentationem
1100 2320 1169 2392 quid
1202 2320 1335 2394 pertinet,

271 2411 337 2475 quot
358 2402 388 2458 iu
413 2403 492 2458 an'no
517 2401 580 2458 dies
609 2419 739 2476 purpura
766 2403 811 2459 usi
830 2402 908 2459 sint?
939 2404 1018 2459 Nam
1047 2421 1083 2458 ne
1105 2402 1192 2459 ceteri
1218 2402 1334 2475 quidem

270 2485 456 2559 magistratus
484 2485 688 2542 sacerdotesve
717 2484 774 2542 nisi
800 2483 882 2542 festis
913 2485 1014 2542 diebus
1045 2485 1208 2559 praetextati
1239 2496 1331 2543 erant.

270 2567 319 2623 lllo
341 2587 414 2625 vero
437 2567 509 2624 nihil
530 2567 735 2636 incredibilius,
758 2568 836 2641 quod
859 2567 1014 2638 XXXIV,
1039 2571 1086 2637 68,
1115 2570 1151 2625 12
1174 2568 1334 2637 Bekkerus,

270 2649 538 2717 Weissenbornius,
567 2651 704 2707 Hartzius
733 2660 888 2724 putarunt,
926 2669 1013 2723 quum
1044 2651 1145 2707 Livius
1173 2651 1336 2725 scripsisset

272 2730 382 2789 Groecm
411 2731 491 2789 Aac
514 2734 610 2800 arbes,
640 2743 673 2790 ut
697 2744 741 2789 est
769 2733 799 2788 in
828 2734 852 2788 B
881 2741 910 2788 et
937 2733 1107 2807 vulgaribus
1138 2734 1203 2805 (etsi
1230 2734 1334 2790 horum

271 2815 366 2871 saltem
383 2826 444 2871 tres
465 2816 574 2872 habent
591 2813 705 2871 Graecas
726 2825 752 2871 et
766 2814 864 2887 Asia),
886 2815 1040 2882 exstitisse,
1064 2815 1113 2888 qui
1131 2815 1333 2890 interpolando

270 2898 466 2965 substitueret,
497 2897 577 2971 quod
607 2915 623 2952 e
651 2898 683 2952 M
710 2907 856 2971 sumptum
888 2918 906 2953 a
928 2897 1053 2956 Gelenio
1081 2897 1119 2953 ad
1142 2897 1335 2954 Drakenbor-

270 2981 358 3036 chium
375 2988 525 3036 servatum
541 2990 614 3046 erat,
635 2978 713 3035 Aac
733 2980 823 3048 urbes,
846 2998 907 3053 qaoe
929 2977 1013 3036 Graii
1032 2982 1146 3036 noman
1163 2982 1232 3049 sint,
1260 2981 1333 3037 anti-

271 3081 323 3134 quo
344 3061 493 3129 vocabuli,
524 3061 603 3135 quod
624 3071 667 3117 est
688 3080 808 3130 umam„
826 3081 896 3130 usu,
923 3063 1045 3136 antiqua
1075 3062 1209 3119 adiectivi
1230 3061 1335 3130 forma,

271 3163 351 3218 quam
385 3161 476 3220 prosa
505 3144 637 3201 oratione
658 3145 737 3200 bona
764 3162 822 3200 non
850 3144 965 3201 excludi
994 3143 1143 3201 Ciceronis
1171 3144 1228 3202 loci
1256 3164 1334 3202 coru·

270 3226 361 3299 plures
382 3226 541 3283 ostendunt
566 3226 615 3298 (de
636 3244 697 3300 rep.
724 3229 749 3294 1,
771 3230 786 3294 ξ
810 3229 858 3294 58,
882 3227 925 3294 ll,
949 3229 983 3295 9,
1006 3228 1071 3296 ΙΙΙ,
1097 3230 1149 3295 15,
1174 3227 1227 3295 VI,
1254 3231 1289 3284 16
1310 3245 1334 3286 s.

270 3326 357 3368 somn.
382 3309 464 3383 Scip.
489 3327 513 3366 c.
536 3311 564 3376 3,
587 3308 623 3364 de
644 3318 704 3364 nat.
726 3309 806 3364 deor.
826 3310 868 3375 ΙΙ,
890 3313 939 3377 91,
961 3310 1019 3376 ΙΙΙ,
1046 3312 1095 3375 53,
1117 3309 1154 3364 de
1179 3309 1268 3365 divin.
1293 3310 1334 3375 ΙΙ,

270 3392 324 3463 32).
368 3392 417 3448 De
438 3391 592 3456 XXXIV,
619 3393 664 3458 16,
693 3391 886 3446 lctldicam
903 3391 1046 3449 euoloco.
1088 3392 1129 3448 Et
1139 3392 1242 3447 horum
1257 3390 1335 3446 loco·

270 3491 326 3530 rum
356 3472 578 3548 comparatione
600 3483 630 3529 et
652 3490 756 3546 perse
777 3473 966 3530 certissimum
992 3483 1045 3542 est,
1067 3492 1103 3529 ne
1116 3473 1165 3529 lib.
1182 3473 1335 3539 XXXIV,

271 3559 313 3627 35,
331 3561 347 3613 1
364 3556 482 3630 quidem
498 3558 556 3612 ene
572 3556 636 3612 dolo
649 3556 722 3610 malo
736 3555 944 3629 interpretandi
966 3574 1055 3612 causa
1071 3554 1247 3628 adscriptum
1271 3572 1335 3612 esse

270 3640 302 3695 ad
312 3648 393 3706 recte,
405 3637 674 3695 iurisconsultorum
686 3636 841 3694 formulam
852 3638 891 3695 ad
903 3637 1174 3712 pervagatissimum
1187 3645 1215 3693 et
1228 3646 1335 3712 aperta

270 3720 483 3795 significationis
498 3719 677 3777 adverbium.
721 3720 874 3789 XXXIV,
898 3724 946 3790 41,
970 3724 998 3789 6,
1019 3739 1077 3777 non
1099 3737 1184 3795 nego,
1206 3720 1267 3777 fieri
1283 3739 1334 3794 po-

270 3804 362 3872 tuisse,
385 3812 426 3871 ut,
448 3820 519 3859 casu
535 3801 685 3858 veritatem
703 3801 842 3870 imitante,
865 3820 953 3875 quum
972 3803 1032 3858 ludi
1046 3805 1130 3859 couvi
1150 3802 1332 3860 scribendum

270 3894 355 3953 caet,
379 3885 507 3958 primum
535 3883 656 3940 Romani
681 3883 869 3951 scriberetur,
901 3885 979 3958 quod
1000 3903 1099 3941 eorum
1123 3884 1230 3941 mentio
1253 3884 1335 3940 brevi

272 3975 332 4022 aute
353 3965 435 4023 facta
456 3974 549 4033 esset,
570 3975 631 4023 tum
653 3968 745 4022 cotim.
788 3970 835 4023 Ac
856 3985 894 4023 ne
915 3967 1065 4024 deficiente
1087 3966 1203 4041 quidem
1226 3965 1334 4023 codicis

272 4046 486 4105 Iltastimonio
513 4047 574 4105 ulla
596 4048 715 4105 minima
737 4057 780 4105 est
802 4067 906 4116 causa,
935 4068 987 4105 cur
1012 4051 1089 4106 bona
1121 4058 1150 4104 et
1170 4047 1335 4104 necessaria

272 4132 356 4187 verba
379 4131 408 4187 in
430 4130 534 4187 ceteris
556 4138 729 4188 conservata
755 4141 875 4206 propter
900 4149 995 4188 vacua
1017 4131 1241 4204 Bambergensis
1266 4146 1334 4204 spa-

273 4212 308 4268 tia
328 4213 357 4269 in
379 4212 574 4287 suspicionem
596 4222 748 4281 vocentur,
778 4213 856 4287 quod
878 4214 918 4268 W
945 4211 1015 4270 fecit
1036 4213 1134 4270 multis
1153 4211 1235 4278 locis,
1257 4212 1336 4268 velut

275 4292 557 4364 xxxl1,17,17;
585 4296 630 4363 19,
654 4299 686 4360 7;
709 4297 759 4359 tt,
783 4299 817 4363 ὃς
840 4297 889 4364 26,
914 4299 931 4352 6
955 4305 983 4351 et
1007 4301 1036 4364 7,
1057 4303 1123 4352 cett.
