3484 5025
683 323 691 368 l
799 365 801 374 ,
814 355 816 364 .

568 503 647 553 Liber
664 502 821 553 xxxvm
859 504 909 566 (Δ.
921 502 983 555 chr.
998 461 1068 566 lel.)
1243 505 1299 562 149

275 695 292 746 t
326 693 444 763 captos
471 685 608 759 trahens,
640 687 816 765 triumphum
848 689 886 747 de
916 690 1025 767 populo
1063 692 1197 749 Romano
1228 687 1342 764 egisset,

274 793 531 868 mansionemque
552 812 589 851 eo
610 793 696 851 dieiu
715 793 892 871 Capitolium
913 814 934 853 a
953 795 1075 854 tribunis
1097 796 1189 872 plebis
1211 793 1342 853 fecisset:

274 929 301 948 ι·
332 899 489 969 „Habetis
516 916 586 973 ergo
613 899 783 957 temeritatis
810 900 886 958 illiue
913 901 1084 960 mercedem.
1131 900 1197 974 Quo
1220 899 1293 956 duce
1314 900 1373 957 et6

274 1013 397 1064 actore
419 1023 474 1062 nos
496 1003 666 1079 reliquistis,
687 1007 726 1064 ab
747 1026 783 1065 eo
804 1007 860 1083 ipsi
880 1008 972 1065 relicti
993 1008 1076 1080 estis,
1098 1015 1258 1065 attentum
1280 1004 1371 1061 aui-7

274 1129 390 1170 uorum
415 1111 445 1167 in
466 1109 529 1168 dies
550 1111 634 1169 nobis
656 1112 809 1186 decrescit,
831 1122 878 1183 ut,
908 1113 947 1170 ad
968 1132 1054 1188 quem
1076 1122 1143 1170 ante
1163 1119 1341 1186 annoe‘sep·
1438 1099 1441 1106 ’

274 1216 437 1287 undecim,
469 1215 626 1273 exercitum
667 1228 696 1275 et
734 1218 855 1276 classem
891 1220 1061 1290 habentem,
1087 1218 1218 1276 tribunos
1250 1191 1343 1293 plebis

274 1322 451 1396 edilemque
472 1322 586 1379 mittere
606 1322 636 1379 in
658 1322 785 1382 Siciliam
803 1324 867 1381 ausi
883 1342 991 1395 sumus,
1013 1324 1063 1399 qui
1083 1325 1256 1400 prenderent
1275 1341 1340 1380 eum

274 1437 298 1486 a
320 1429 455 1487 Romam
477 1429 661 1499 reducerent,
690 1430 814 1487 adeum
837 1431 983 1506 privatum
1006 1449 1042 1488 ex
1070 1430 1140 1487 villa
1167 1448 1221 1487 sua
1244 1437 1341 1486 extra·

274 1534 404 1592 sendum
433 1533 472 1591 ud
500 1552 617 1591 caueam
640 1534 790 1593 dicendam
813 1537 926 1596 mittere
947 1555 1005 1593 non
1028 1537 1205 1593 audeamus“
1230 1567 1267 1578 -
1291 1533 1373 1594 tri-8

274 1640 347 1698 suni
372 1639 468 1715 plebis
490 1639 629 1715 appellati
652 1641 690 1697 ab
715 1641 748 1701 L.
760 1640 897 1716 Scipione
920 1642 961 1699 ita
982 1619 1179 1711 decreverunt,
1201 1640 1226 1698 si
1249 1640 1342 1698 morbi

274 1763 369 1804 rausa
388 1754 587 1815 excusaretur,
608 1746 663 1803 sibi
686 1746 801 1821 placere
823 1747 916 1824 accipi
939 1768 1004 1826 eam
1025 1765 1144 1805 causam
1169 1747 1303 1821 diemque
1325 1764 1344 1802 a
1438 1817 1441 1824 *

274 1851 398 1927 mllegts
419 1834 541 1927 prodici.
589 1852 738 1910 Tribunus
758 1853 850 1929 plebia
867 1874 902 1912 eo
922 1864 1053 1929 tempore
1085 1855 1132 1912 Ti.
1155 1852 1373 1930 Semproniusll

274 1955 434 2018 Gracchus
462 1966 542 2028 erat,
570 1958 615 2016 cui
637 1957 792 2016 inimicitia
813 1979 879 2017 cum
899 1962 935 2021 P.
957 1960 1093 2035 Scipione
1119 1935 1343 2018 intercedebant.

274 2061 308 2145 [a
339 2082 429 2139 quum
464 2064 603 2120 vetuisset
630 2042 736 2121 nomen
763 2082 846 2122 suum
876 2066 991 2123 decreto
1013 2066 1187 2141 collegarum
1210 2064 1344 2134 adscribi,

274 2170 496 2244 tristioremque
508 2188 610 2226 omnes
623 2170 794 2227 sententiam
807 2180 1018 2246 exspectarent,
1038 2171 1080 2228 ita
1097 2172 1232 2242 decrevit,
1255 2189 1343 2245 quum
1359 2169 1395 2224 10

274 2271 313 2334 L.
339 2276 441 2351 Scipio
464 2286 647 2344 excusasset,
671 2277 802 2333 morbum
829 2294 893 2334 esse
915 2295 1009 2334 ceusae
1030 2276 1124 2347 fratri,
1146 2277 1216 2334 satis
1237 2276 1266 2333 id
1288 2276 1344 2333 sibi

274 2382 389 2451 videri3
410 2401 443 2438 se
464 2382 499 2438 P.
521 2368 702 2455 Scipbnem,
725 2383 893 2457 priusquam
915 2385 1039 2441 Romam
1062 2383 1192 2453 redisset,
1213 2382 1357 2448 accusari,

274 2501 337 2547 uon
349 2505 521 2564 passurum3
543 2497 604 2545 tum
620 2506 753 2562 quoque,
773 2489 798 2546 ei
819 2508 851 2546 ee
873 2489 1007 2566 appellet,
1029 2489 1137 2547 auxilio
1159 2488 1186 2546 ei
1206 2487 1345 2558 futurum,

274 2610 314 2653 na
345 2613 466 2652 causam
495 2593 590 2663 dicat3
623 2594 661 2650 ad
693 2595 722 2651 id
760 2594 907 2670 fastigium
934 2595 1020 2652 rebus
1052 2594 1155 2668 gestis,
1186 2593 1345 2652 honoribus
1361 2597 1395 2651 ll

274 2701 382 2779 populi
403 2699 531 2758 Romani
558 2700 596 2756 P.
629 2698 793 2775 Scipionem
822 2702 941 2758 deorum
972 2701 1346 2776 hominumque'consensu

274 2807 458 2885 panenisse,
479 2816 512 2862 ut
533 2806 587 2863 sub
609 2806 710 2862 rostris
729 2824 810 2863 reum
832 2816 911 2864 stare
940 2816 969 2863 et
989 2807 1118 2882 praebere
1139 2825 1224 2865 aures
1245 2805 1346 2863 adole-

274 2913 422 2973 scentium
450 2911 589 2969 conviciis
615 2913 725 2988 populo
754 2913 888 2970 Romano
915 2912 1008 2989 magis
1030 2911 1160 2970 deforme
1181 2931 1268 2988 quam
1290 2912 1347 2989 ipsi

274 3021 325 3081 sit.
384 3017 503 3078 Adiecit
536 3018 652 3075 decreto
684 3017 924 3092 indignationem:
982 3018 1061 3094 ,Suu
1091 3018 1212 3094 pedibus
1243 3017 1347 3075 vestris
1375 3012 1442 3084 .53

274 3125 386 3194 stabit,
419 3124 542 3193 tribuni,
575 3123 701 3181 domitor
728 3123 915 3182 ille'Africse
946 3124 1067 3201 Scipio?
1108 3125 1180 3183 Ideo
1208 3129 1376 3198 quattuor2

275 3229 479 3289 nobilissimos
501 3228 589 3286 duces
618 3230 774 3286 Poenorum
802 3231 831 3286 in
853 3229 1014 3304 Hispania,
1041 3240 1179 3305 quattuor
1204 3229 1347 3286 exercitus

275 3337 356 3397 fudit
383 3335 570 3410 fugavitque3
601 3335 668 3393 ideo
699 3335 863 3412 Syphacem
887 3336 977 3411 oepit,
1009 3334 1204 3396 Hannibalem
1232 3334 1348 3406 devicit,

276 3441 492 3517 Carthaginem
523 3440 694 3515 vectigalem
720 3441 805 3498 nobie
826 3440 910 3513 iecit,
939 3441 1116 3499 Antiochum
1139 3441 1251 3518 (recipit
1272 3441 1378 3500 enim3

276 3546 403 3607 matrem
434 3555 598 3603 consortem
628 3545 713 3602 huius
739 3548 839 3622 gloriae
871 3548 905 3607 L.
933 3545 1045 3621 Scipio)
1072 3545 1149 3603 ultra
1170 3547 1238 3622 iuga
1257 3547 1349 3604 Tauri
1406 3518 1409 3540 Ι

276 3653 402 3723 emovit,
423 3665 456 3710 ut
477 3653 592 3713 duobus
613 3652 725 3710 Petiliis
747 3650 965 3709 succumberet?
996 3652 1060 3709 Vos
1089 3651 1125 3708 de
1148 3654 1183 3714 P.
1204 3653 1348 3712 Africano

277 3760 412 3839 palmam
442 3758 503 3834 peti
515 3757 638 3815 feretis?
679 3758 813 3816 Nullisne
833 3757 944 3815 meritis
965 3756 1040 3830 suis,
1063 3756 1149 3816 nullis
1170 3759 1274 3817 vestris
1295 3761 1380 3819 hot

279 3867 405 3927 neribus
433 3883 562 3939 unquam
584 3864 615 3920 in
642 3881 737 3921 arcem
769 3874 860 3920 tutam
892 3875 920 3920 et
948 3862 1027 3920 velut
1047 3875 1177 3922 sanctem
1200 3864 1272 3922 clari
1293 3865 1349 3923 viri

278 3972 464 4052 pervenient,
486 3971 554 4041 ubi,
579 3971 603 4027 ai
627 3988 685 4026 non
707 3969 901 4039 venerabilis,
930 3969 1071 4026 inviolata
1092 3970 1196 4028 saltem
1217 3981 1348 4029 senectus

278 4097 385 4139 eorum
409 4077 583 4136 considati“
618 4077 712 4134 Movit
739 4085 768 4132 et
799 4076 943 4133 decretum
973 4084 1002 4132 et
1027 4077 1141 4134 adiecta
1168 4077 1262 4135 oratio
1289 4079 1379 4134 nonb

280 4196 397 4245 eeteros
420 4184 526 4256 modo,
553 4185 604 4241 sed
635 4184 714 4259 ipsos
742 4182 828 4240 etiam
858 4190 1056 4252 accusatores,
1086 4191 1115 4239 et
1141 4182 1349 4241 deliberaturos

282 4310 331 4365 se,
364 4292 437 4368 quid
458 4291 530 4348 iuris
551 4291 596 4348 sui
624 4300 652 4347 et
673 4287 761 4347 officii
781 4297 874 4357 esset,
900 4286 1042 4348 dixerunt.
1088 4287 1214 4376 Senatus
1237 4289 1380 4360 deinde,6
1471 4341 1474 4345 .
