3484 5025
482 500 537 555 150
718 495 795 546 Liber
812 494 968 547 XXXVIII.
1003 492 1087 558 (mu.
1100 507 1125 546 c.
1144 492 1222 550 aaz.)

435 681 557 740 concilio
586 680 679 756 plebis
710 679 845 750 dimisso,
874 679 976 738 haberi
1004 690 1048 737 est
1075 687 1199 755 creptos.
1259 678 1308 738 Ibi
1335 680 1428 756 metio
1447 681 1478 739 iu·
1521 706 1526 760 i

434 798 535 863 gentes
564 788 601 845 ab
625 787 760 844 universo
787 786 904 856 ordine,
931 786 1077 861 praecipue
1104 804 1125 843 a
1152 784 1359 844 consularibus
1384 787 1482 846 acuioti·

435 895 557 968 busque,
580 893 629 955 Ti.
652 891 789 951 Graccho
812 902 885 949 actm
905 900 987 962 sunt,
1017 891 1097 966 quod
1125 909 1188 948 rem
1212 890 1363 966 publicam
1384 893 1484 968 primu

405 999 628 1057 lsimultntibns
649 996 791 1072 potiorem
813 997 972 1069 habuisset,
993 1008 1022 1055 et
1043 996 1142 1055 Petilii
1162 996 1267 1054 vexati
1295 1008 1364 1055 sunt
1383 998 1486 1073 probri,

435 1105 514 1179 qnod
537 1104 689 1180 splendere
711 1102 806 1160 uliano
827 1102 938 1161 invidia
960 1103 1120 1161 voluissent
1141 1112 1170 1159 et
1191 1101 1294 1177 spolia
1308 1091 1487 1163 ex'anieni

405 1210 581 1285 Striumpho
603 1218 742 1285 peterent.
783 1208 935 1267 Silentium
955 1208 1058 1266 deinde
1072 1208 1110 1265 de
1123 1206 1272 1267 Africano
1293 1206 1361 1269 fnit.
1406 1210 1487 1268 Vitem

436 1315 545 1374 Literni
577 1315 636 1391 agit
663 1314 726 1372 sina
754 1315 897 1372 desiderio
927 1315 1016 1375 urbis.
1075 1314 1253 1372 Morientem
1282 1297 1353 1372 rura
1381 1334 1415 1373 co
1437 1315 1488 1392 ipso
1524 1381 1526 1393 Ι

435 1421 501 1480 loco
523 1419 638 1495 sepeliri
669 1440 701 1477 se
729 1420 848 1477 iussisse
867 1409 975 1478 'icrunt
996 1428 1278 1494 monumentumque
1299 1419 1343 1478 ibi
1362 1421 1487 1492 aedificari,
1517 1463 1526 1499 Ι

391 1521 472 1589 'ono
493 1525 579 1583 funus
601 1527 656 1585 sibi
677 1527 706 1586 in
718 1527 833 1601 ingrata
847 1524 1044 1600 patriafieret.
1091 1525 1147 1582 Vir
1158 1526 1377 1597 memorabilis3
1397 1527 1483 1585 bellici
1513 1549 1526 1604 1

310 1606 313 1613 Ι
437 1643 534 1710 tamen
563 1651 649 1708 quam
678 1632 759 1707 pacis
791 1631 903 1688 artibus
934 1630 1168 1702 memorabilior,
1197 1640 1226 1688 et
1246 1633 1388 1690 illustrior
1410 1634 1480 1710 prim

435 1757 504 1813 pars
525 1739 592 1795 vita
614 1757 701 1812 qnam
730 1746 880 1813 postrema
906 1736 975 1805 fuit,
1006 1737 1076 1811 quin
1096 1735 1126 1793 in
1147 1737 1269 1794 inventa
1292 1738 1370 1795 bella
1390 1740 1478 1797 sedda
1510 1759 1526 1814 p

435 1854 532 1921 gesta,
561 1864 626 1902 cum
658 1852 776 1901 senecta
804 1860 852 1899 res
886 1860 1003 1917 quoque
1031 1842 1193 1900 defloruere
1228 1862 1286 1901 nac
1313 1845 1429 1919 praebito
1450 1853 1477 1902 at
1508 1883 1526 1920 Ε

387 1958 422 2012 10
436 1950 564 2014 materia¹
578 1947 703 2027 ingenio.
751 1947 828 2021 Quid
840 1947 879 2004 ad
890 1948 1013 2022 primum
1026 1948 1209 2006 consulatum
1226 1950 1382 2021 secundus,
1401 1951 1475 2008 etian-
1508 1989 1526 2025 Ε

435 2054 461 2112 si
482 2073 633 2112 censuram
665 2053 806 2113 adiicias?
850 2053 920 2129 qnid
946 2053 1079 2112 Asiatica
1103 2054 1231 2131 legatio,
1272 2066 1303 2114 et
1339 2056 1475 2114 valetudiue
1509 2093 1526 2131 Ι

438 2161 562 2219 adversa
582 2160 689 2218 inutilis
720 2170 755 2218 et.
777 2161 828 2218 filii
856 2178 926 2218 casu
948 2158 1111 2218 deformata
1133 2171 1162 2218 et
1182 2172 1251 2237 poet
1268 2164 1475 2221 reditnmnaca·
1509 2201 1526 2237 Ε

437 2268 522 2324 sitate
549 2278 599 2323 aut
626 2267 768 2325 subeundi
795 2266 891 2325 iudicii
922 2275 973 2322 aut
1000 2265 1085 2323 simul
1113 2286 1178 2324 cum
1203 2269 1304 2344 patris
1336 2265 1475 2327 deserendi?
1510 2289 1515 2302 ·

388 2377 420 2431 ll
437 2374 541 2431 Punici
563 2384 660 2430 tamen
680 2373 747 2430 belli
769 2373 942 2448 perpetrati,
965 2390 1023 2447 quo
1050 2372 1159 2430 nullum
1182 2393 1271 2449 neque
1292 2375 1386 2432 maius
1408 2390 1475 2447 nequa
1514 2393 1524 2404 ·

438 2480 625 2555 periculosius
637 2479 762 2538 Romani
784 2495 909 2554 gessere,
931 2497 1004 2535 unus
1026 2479 1202 2554 praecipuam
1225 2480 1352 2556 gloriam
1374 2479 1441 2538 tulit

342 2591 385 2665 54
519 2587 616 2643 Morte
629 2585 764 2643 Africani
778 2604 895 2642 crevero
910 2584 1088 2642 inimicorum
1105 2587 1213 2656 animi,
1235 2605 1359 2661 quorum
1372 2586 1476 2662 princeps
1514 2623 1526 2659 ε

437 2691 491 2749 fuit
511 2693 553 2752 M.
578 2693 700 2749 Porcius
723 2690 807 2760 Cato,
830 2690 880 2765 qui
890 2690 958 2746 vivo
982 2709 1099 2765 quoque
1113 2711 1148 2748 eo
1165 2692 1307 2749 allatrare
1329 2688 1475 2767 maguitnl'r

407 2801 503 2854 lnam
526 2797 586 2854 eius
611 2799 712 2855 solitus
741 2806 813 2856 erat.
869 2798 937 2853 Hoc
968 2808 1086 2854 auctore
1117 2797 1323 2856 existimantur
1352 2797 1477 2856 Petiliie
1518 2818 1526 2870 j

437 2904 505 2960 vivo
527 2902 670 2961 Africano
692 2922 753 2960 rem
774 2902 897 2977 ingressi
919 2911 949 2959 et
963 2913 1078 2961 mortuo
1092 2904 1277 2981 rogationem
1293 2904 1476 2980 promulgataa
1518 2940 1526 2973 4

406 3008 507 3066 3Fuit
528 3019 623 3065 autern
642 3009 757 3085 rogatio
778 3008 858 3065 talis:
888 3009 1012 3078 „Velitis
1033 3010 1172 3080 iubeatis,
1202 3009 1347 3083 Quirites,
1370 3029 1431 3086 quc
1445 3025 1478 3084 pc
1522 3050 1526 3071 .

437 3115 523 3171 cunia
544 3125 640 3190 capta,
662 3115 769 3185 ablata,
792 3124 896 3173 coacta
917 3115 954 3171 ab
973 3133 1042 3191 rege
1063 3115 1212 3172 Antiocho
1234 3126 1281 3172 est
1313 3117 1421 3192 quique
1442 3113 1478 3171 sul
1524 3166 1526 3173 ,

406 3221 558 3296 limpario
581 3223 641 3279 eius
663 3220 794 3291 fuerunt,
817 3221 895 3294 quod
917 3220 978 3277 eius
998 3220 1028 3277 in
1049 3221 1197 3295 publicum
1224 3221 1351 3279 relatum
1373 3240 1429 3280 non
1445 3229 1479 3285 et

436 3327 526 3383 ntide
542 3346 577 3383 ea
594 3347 626 3383 re
644 3327 707 3389 Ser.
723 3327 866 3402 Sulpicius
891 3335 998 3401 praetor
1020 3326 1148 3382 urbanus
1170 3326 1209 3382 ad
1231 3337 1368 3386 senatum
1389 3327 1481 3390 raim&

303 3492 310 3498 ,
409 3460 411 3464 ·
438 3452 524 3508 quem
552 3452 616 3489 eam
648 3452 709 3489 rem
738 3433 808 3489 velit
838 3442 956 3488 senatus
983 3450 1112 3505 quaerers
1144 3430 1180 3487 dc
1207 3432 1260 3502 iis,
1293 3435 1345 3508 qni
1367 3444 1482 3511 protom

408 3543 513 3596 5nuuc
534 3543 630 3597 sunt.“
684 3539 761 3596 Huic
789 3537 934 3613 rogationi
962 3538 1056 3612 primo
1085 3536 1121 3610 Q.
1149 3546 1178 3593 at
1200 3538 1236 3597 L.
1260 3539 1398 3598 Mummii
1418 3540 1482 3597 into*

437 3644 593 3712 cedebant3
626 3654 757 3702 senatum
785 3663 913 3719 quaerere
941 3644 977 3700 de
1004 3644 1128 3718 pecunia
1154 3663 1214 3701 non
1241 3645 1339 3703 relata
1360 3647 1392 3704 in
1411 3643 1482 3722 publi

438 3768 518 3819 cum,
548 3750 590 3807 ita
616 3760 648 3807 ut
675 3761 761 3808 antea
789 3769 904 3826 semper
933 3748 1042 3807 iactum
1066 3759 1158 3818 esset,
1189 3769 1308 3825 aequum
1336 3753 1483 3809 censebunt

406 3856 534 3914 6Pctilii
562 3856 741 3913 nobilitatem
769 3865 798 3913 ct
818 3874 938 3931 regnum
960 3856 990 3912 in
1010 3867 1113 3912 senatu
1129 3855 1301 3931 Scipionum
1316 3860 1483 3916 accusabant

437 3962 471 4020 L.
493 3961 600 4018 Furius
622 3961 766 4036 Purpurio
791 3960 965 4030 consularis,
993 3961 1043 4036 qni
1070 3960 1101 4017 iu
1129 3962 1228 4019 decem
1250 3961 1359 4037 legatis
1380 3965 1410 4021 in
1429 3962 1484 4022 Aah

407 4067 541 4137 liceret,
563 4065 650 4126 latius
670 4067 831 4141 rogandum
855 4069 1000 4136 censebat,
1020 4086 1078 4123 non
1103 4085 1168 4140 quae
1190 4067 1228 4124 ab
1250 4067 1484 4129 Antiochomol·

437 4175 565 4250 pecnniae
592 4184 685 4249 captae
713 4171 823 4243 forent,
853 4172 904 4229 sed
927 4192 991 4248 quae
1018 4174 1055 4231 ab
1072 4173 1136 4230 aliis
1160 4173 1280 4248 regibus
1301 4176 1485 4250 gentibusque

407 4278 490 4339 8011.
510 4279 650 4337 Manlium
673 4278 818 4337 inimicum
846 4279 1002 4337 incessens.
1042 4279 1083 4337 Et
1103 4280 1140 4340 L.
1162 4279 1279 4356 Scipio,
1301 4298 1389 4355 quam
1411 4277 1485 4354 magi
