3484 5025
469 587 473 598 Ι
566 524 646 574 urse
662 505 825 580 xxxvm)
854 525 904 590 (s.
922 524 984 578 cnr.
1006 527 1080 592 rer.)
1262 532 1318 588 tas

292 709 440 807 sputentis
466 709 679 786 perseveravit,
711 718 744 767 ut
775 711 941 769 consulibus
974 714 1116 770 ambobus
1145 714 1267 789 Ligures
1294 734 1360 790 pro·

281 793 393 873 ‘unua
415 825 510 885 esset3
544 815 685 873 Manlium
708 816 903 892 Fulviumque
934 818 1134 876 decedere'de
1155 820 1311 896 provinciis
1333 829 1361 877 et

294 922 442 980 exercitus
462 922 530 980 iude
551 921 694 983 deducere
714 940 749 980 ac
769 923 864 981 redire
885 926 1009 983 Romam
1030 925 1147 1001 placuit.

379 1027 543 1085 Inimicitire
576 1028 651 1085 inter
682 1028 723 1086 M.
744 1028 881 1086 Fulvium
915 1040 944 1086 ct
975 1032 1017 1088 M.
1039 1031 1191 1088 AEmilium
1213 1032 1360 1089 consulem
1413 1023 1457 1096 43

296 1142 394 1204 eram,
429 1144 458 1191 et
478 1152 566 1210 super
590 1144 688 1193 cetera
707 1133 847 1192 AEmilius
877 1135 969 1193 serius
1000 1136 1115 1194 biennio
1150 1155 1182 1194 se
1214 1136 1359 1193 consulem
1416 1169 1421 1179 ·

296 1236 406 1296 iactum
429 1241 472 1298 M.
496 1240 595 1298 Fulvii
627 1259 718 1317 opera
739 1241 872 1297 ducebat.
921 1242 1026 1326 ltaque
1047 1242 1085 1301 ad
1107 1242 1243 1300 invidiam
1268 1242 1293 1298 si
1314 1239 1359 1298 ie·
1374 1246 1397 1301 2¹

276 1344 433 1406 .ciundam
455 1342 568 1422 legatos
591 1346 814 1405 Ambracienses
846 1346 875 1402 in
899 1359 1034 1405 'senatum
1067 1348 1242 1406 subornatos
1263 1348 1359 1405 crimi-

298 1449 382 1508 nibus
402 1452 581 1524 introduxit,
615 1452 663 1528 qui
685 1453 757 1524 sibi,
789 1438 880 1527 quum
900 1452 928 1509 in
951 1471 1023 1528 pace
1044 1466 1140 1511 essent
1161 1454 1390 1530 imperataque3

298 1556 445 1629 prioribus
473 1558 640 1617 consulibus
671 1559 813 1618 fecissent·
838 1568 866 1615 et
899 1559 998 1616 eadem
1033 1560 1199 1617 obedienter
1223 1569 1361 1635 praestare

298 1659 336 1719 M.
361 1663 473 1720 Fulvio
494 1665 591 1739 parati
612 1674 716 1737 essent,
738 1665 844 1723 bellum
866 1664 976 1723 illatum
999 1667 1102 1742 questi,
1119 1682 1211 1742 agros
1235 1664 1391 1740 primuml

297 1766 511 1843 depopulatos,
543 1781 682 1829 terrorem
704 1772 873 1847 direptionis
900 1781 929 1828 et
950 1772 1035 1830 caedis
1057 1773 1121 1829 urbi
1143 1772 1294 1841 iniectum,
1330 1781 1361 1827 ut
1383 1815 1387 1832 .

293 1892 328 1931 so
351 1886 434 1932 metu
457 1876 593 1936 claudere
615 1889 788 1954 cogerentur
805 1888 919 1953 portas3
951 1880 1086 1935 obsessos
1115 1878 1223 1948 deinde¹
1250 1888 1278 1934 et
1309 1884 1391 1952 op-5

290 1991 445 2057 pugnatus
468 2000 509 2053 se,
544 1993 573 2040 et
594 1986 693 2041 omnia
714 1984 848 2059 exempla
870 1984 936 2041 belli
958 1983 1036 2040 edita
1057 1984 1086 2040 in
1108 2002 1140 2041 se
1161 1984 1296 2053 cedibus,
1317 1984 1360 2040 in·

287 2088 418 2162 condiis,
438 2088 539 2160 ruinis,
564 2089 724 2165 direptione
745 2090 836 2158 urbis;
867 2090 1012 2165 coniuges,
1034 2090 1140 2147 liberos
1161 2090 1190 2146 in
1212 2090 1393 2149 servitiumb
1482 2120 1486 2131 =

281 2195 479 2266 abstractos,
512 2195 591 2251 bona
612 2195 749 2270 adempta
770 2206 815 2266 et,
848 2197 927 2271 quod
953 2214 985 2253 se
1012 2206 1079 2253 ante
1109 2196 1207 2252 omnia
1234 2205 1360 2264 moveat,

284 2299 409 2374 templa
430 2310 494 2357 tota
515 2302 587 2358 urbe
608 2300 734 2376 spoliata
755 2303 949 2372 ornamentis3
985 2302 1141 2359 simulacra
1162 2301 1257 2372 deum,
1290 2301 1360 2356 deos
1437 2359 1439 2366 ,

284 2404 387 2463 immo
401 2399 499 2481 ipsos,
532 2407 688 2465 convulsos
709 2426 747 2464 ex
768 2408 884 2465 sedibus
913 2408 973 2465 suis
996 2408 1109 2465 ablatos
1131 2426 1208 2476 esse3
1235 2408 1360 2483 parietes
1433 2421 1435 2430 ⁴

283 2521 457 2588 postesque
478 2513 618 2584 nudatos,
651 2533 724 2590 quos
746 2515 883 2585 adorent,
915 2515 953 2572 ad
975 2532 1048 2589 quos
1069 2526 1223 2589 precentur
1242 2526 1271 2571 et
1292 2532 1359 2589 sup·

284 2619 415 2696 plicent,
426 2619 685 2678 Ambraciensibus
696 2639 855 2697 superesse,
867 2652 908 2663 -
919 2622 981 2678 hseo
991 2631 1144 2696 querentes
1154 2620 1359 2695 interrogando
1374 2621 1389 2673 7
1451 2652 1458 2665 .

285 2725 453 2783 criminose
475 2744 512 2782 ex
534 2727 807 2802 compositoconsul
823 2714 860 2784 ad
875 2727 968 2803 plura,
989 2726 1069 2784 velut
1092 2745 1150 2783 non
1172 2745 1226 2783 sua
1248 2737 1360 2802 sponte,

287 2831 423 2890 dicenda
454 2831 596 2889 eliciebat.
644 2832 734 2890 Motis
756 2835 903 2909 patribus,
931 2834 1003 2890 alter
1025 2832 1125 2890 consul
1146 2831 1178 2892 O.
1201 2831 1391 2891 Flaminius8

287 2938 337 2997 M.
362 2937 462 2995 Fulvii
483 2956 602 2996 causam
626 2940 757 3014 excepit,
792 2941 840 3016 qui
870 2950 997 2997 veterem
1030 2940 1107 2996 viam
1138 2948 1167 2995 et
1199 2938 1359 2996 obsoletam

287 3046 446 3122 ingressos
468 3044 695 3102 Ambracienses
726 3045 815 3115 dixit3
847 3046 889 3102 sic
918 3047 958 3104 M.
982 3044 1153 3103 Marcellum
1175 3046 1213 3102 ab
1235 3044 1390 3122 Syracu-9
1479 3021 1481 3026 ³

291 3151 395 3222 sanis,
424 3151 467 3208 sic
489 3149 525 3223 Q.
551 3149 686 3208 Fulvium
717 3170 736 3208 a
759 3149 917 3226 Campanis
945 3163 1104 3210 accusatos.
1153 3151 1229 3224 Quin
1258 3131 1359 3209 eadem

291 3276 389 3334 opera
410 3256 448 3313 T.
472 3256 637 3329 Quinctium
661 3276 679 3315 a
699 3257 836 3332 Philippo
857 3275 935 3331 rege,
966 3251 1017 3316 Μ’.
1038 3258 1166 3315 Acilium
1189 3267 1216 3315 et
1238 3258 1272 3318 L.
1296 3257 1360 3316 Sci·

289 3365 414 3442 pionem
437 3363 475 3419 ab
498 3362 657 3434 Antiocho,
688 3361 742 3421 Cn.
765 3363 906 3420 Manlium
930 3382 949 3419 a
970 3363 1082 3436 Gallis,
1107 3363 1201 3438 ipsum
1224 3362 1265 3420 M.
1290 3365 1359 3421 Ful·

289 3470 374 3528 vium
399 3470 437 3525 ab
461 3467 572 3525 AEtolis
594 3450 622 3525 e't
644 3467 839 3544 Cephallenia
870 3468 985 3544 populis
1017 3469 1146 3527 accusari
1173 3470 1359 3544 paterentur?

292 3573 510 3647 „Ambraciam
543 3586 742 3649 oppugnatam
774 3586 808 3630 et'
824 3585 939 3649 ceptam
963 3584 992 3632 et
1012 3575 1096 3650 signa
1117 3575 1183 3632 inde
1206 3595 1358 3634 ornameu-
1375 3581 1412 3636 to

289 3689 386 3755 taque
410 3679 511 3736 ablata
531 3689 560 3736 et
581 3690 678 3738 cetera
698 3679 787 3749 iacta,
809 3699 874 3754 quae
895 3681 987 3757 ceptis
1009 3682 1128 3738 urbibus
1150 3681 1276 3752 soleant,
1308 3701 1358 3740 ne·

289 3797 432 3862 getarum
465 3796 515 3842 aut
547 3804 595 3842 me
615 3805 670 3859 pro
692 3787 733 3848 M.
755 3786 862 3844 Fulvio
884 3796 935 3843 aut
955 3787 1048 3862 ipsum
1070 3788 1112 3846 M.
1134 3788 1268 3845 Fulvium
1292 3808 1358 3846 cen-

290 3892 381 3961 sotis,
414 3901 514 3964 patres
534 3891 706 3967 conscripti,
739 3890 787 3965 qui
810 3892 847 3948 ob
869 3893 991 3949 haeres
1022 3902 1119 3968 gestes
1140 3883 1317 3970 triumphum
1339 3916 1358 3953 a
1375 3899 1406 3953 ll

290 3997 380 4056 vobis
412 3992 612 4072 postulaturus
645 3998 698 4069 sit,
729 3966 921 4056 Ambraciam
951 4011 1065 4075 captam
1099 4000 1256 4075 signaque,
1294 4020 1358 4077 quse

291 4103 397 4162 abluta
417 4102 622 4174 criminantur,
654 4114 684 4160 et
704 4115 802 4160 cetera
832 4104 928 4179 spolia
956 4104 1017 4161 eius
1045 4105 1125 4162 urbis
1153 4116 1221 4164 ante
1242 4125 1355 4165 currum

290 4208 407 4267 laturus
430 4218 458 4266 et
481 4210 593 4266 fixurus
623 4208 654 4265 in
674 4209 807 4284 postibus
830 4208 910 4267 suis?
942 4211 1034 4268 -Nihil
1062 4221 1120 4280 est,
1152 4212 1230 4286 quod
1260 4229 1292 4270 se
1319 4214 1356 4270 ab
1372 4215 1409 4272 12

290 4315 406 4377 AEtolis
436 4323 587 4390 separent3
620 4315 722 4373 eadem
746 4314 1014 4374 Ambraciensium
1029 4326 1058 4374 et
1077 4317 1246 4377 AEtolerum
1268 4337 1379 4377 causa.
