3484 5025
560 532 639 581 Liber
657 531 786 585 XXXIX.
823 531 873 593 (A.
892 528 955 583 (ihr.
976 532 1050 594 tss.)
1240 534 1300 590 163·

268 734 303 772 re
335 714 578 774 consultationem
615 715 758 791 integram
795 725 914 773 senatus
950 714 988 771 ad
1023 733 1117 772 novos
1154 715 1339 791 magistratus

267 818 380 879 reiecit.
464 820 479 827 ”
525 828 527 832 ’
1411 893 1414 897 Α

356 926 449 985 Ludis
476 926 618 985 Romanis
633 945 681 1003 ,eo
711 945 804 996 anno,
833 944 907 1000 quos
936 927 972 986 P.
1004 924 1155 984 Cornelius
1185 924 1371 1001 Cethegus,8

267 1036 311 1093 Α.
335 1033 506 1091 Postumius
527 1032 653 1090 Albinus
673 1031 835 1101 faciebant,
866 1032 961 1089 malus
989 1032 1018 1088 in
1048 1031 1125 1088 circo
1147 1032 1288 1089 instabilis
1305 1033 1340 1092 in

266 1116 387 1215 signum
410 1138 561 1197 Pollentiae
582 1138 706 1213 procidit
727 1147 816 1213 atque
837 1137 866 1195 id
889 1137 999 1196 deiecit.
1040 1137 1086 1194 Ea
1108 1137 1247 1211 religione
1270 1137 1370 1195 utoti9

265 1254 372 1321 patres
394 1253 423 1301 ct
444 1244 519 1301 diem
541 1262 628 1300 unum
644 1242 836 1307 adiiciendum
852 1243 1184 1313 ludorum'ceusuerunt,
1206 1257 1234 1301 et
1256 1242 1341 1319 sigua'

266 1352 330 1409 duo
362 1369 417 1425 pro
444 1368 502 1407 uuo
530 1348 724 1423 reponenda,
741 1358 769 1405 et
790 1367 898 1405 novum
922 1360 1054 1405 auratum
1077 1347 1251 1426 faciendum.
1300 1350 1340 1406 Et
1356 1325 1394 1409 td

253 1456 379 1539 ¹plebeii
407 1454 468 1510 ludi
496 1455 535 1511 ab
559 1453 689 1511 sedilibus
716 1451 750 1511 C.
783 1452 957 1527 Sempronio
988 1453 1083 1511 Blaeso
1114 1463 1143 1511 ct
1173 1454 1214 1514 M.
1248 1455 1339 1511 Furio

266 1564 371 1621 Lusco
394 1562 469 1618 diem
496 1579 583 1616 unum
606 1536 758 1616 instaurati
777 1568 852 1615 sunt.

254 1725 258 1734 ,
357 1668 517 1741 Insequens
540 1682 632 1722 annus
654 1663 704 1739 Sp.
719 1664 902 1722 Postumium
925 1663 1064 1720 Albinum
1087 1672 1115 1721 et
1137 1662 1174 1737 Q.
1193 1664 1335 1721 Marcium
1413 1660 1433 1729 8

1347 1749 1499 1802 anemos

230 1873 345 1937 ''cura
373 1878 412 1935 ad
442 1876 584 1935 intestinas
609 1874 817 1932 coniurationis
844 1875 1000 1931 vindictam
1031 1875 1145 1932 avertit.
1192 1876 1337 1931 Praetores
1348 1821 1381 1947 ἓ
1392 1817 1440 1871 Ch‘
1457 1823 1517 1871 186.

267 1774 441 1849 Philippum
469 1770 601 1828 consules
632 1770 670 1826 ab
697 1770 825 1826 exercitu
847 1768 1046 1843 bellorumque
1072 1779 1100 1827 et
1121 1769 1334 1843 provinciarum

267 1982 441 2061 provincias
461 1982 556 2039 sortiti
587 1990 654 2037 sunt
680 1981 719 2041 T.
741 1980 863 2037 Maenius
886 1982 1042 2051 urbanam,
1064 1981 1105 2037 Μ.
1129 1980 1256 2037 Licinius
1280 1982 1338 2037 Lu·

267 2090 367 2147 cullu's
387 2088 463 2145 iuter
483 2067 560 2143 cives
575 2096 604 2143 et
618 2086 794 2161 peregrinos,
817 2084 850 2143 C.
867 2085 1005 2143 Aurelius
1021 2085 1148 2144 Scaurus
1164 2083 1339 2156 Sardiniam,

268 2195 306 2252 P.
330 2190 485 2249 Cornelius
507 2192 589 2252 Sulla
612 2191 750 2259 Siciliam,
773 2191 807 2247 L.
824 2190 975 2262 Quinctius
991 2189 1141 2265 Crispinus
1163 2190 1338 2264 Hispaniam

267 2298 447 2367 citeriorem,
462 2295 495 2356 (l.
512 2295 687 2371 Calpurnius
702 2296 773 2353 Piso
789 2296 961 2371 Hispaniam
979 2296 1157 2364 ulteriorem
1173 2297 1338 2354 consulibus
1351 2296 1368 2352 3

269 2402 417 2462 ambobus
440 2404 559 2475 quaestio
582 2403 618 2467 de
640 2401 825 2459 clandestinis
846 2401 1093 2459 coniurationibus
1115 2402 1231 2460 decreta
1252 2412 1302 2462 est.

358 2506 480 2566 Graecus
507 2507 642 2582 ignobilis
671 2508 699 2565 in
727 2507 875 2565 Etruriam
903 2491 1135 2584 primum⁴venit
1162 2508 1241 2566 nulla
1272 2529 1337 2567 cum

269 2623 336 2673 arte
359 2633 476 2683 earum,
503 2632 576 2688 quas
605 2613 711 2670 multas
740 2614 786 2670 ad·
805 2606 968 2670 animorum
996 2620 1209 2688 corporumque
1231 2616 1337 2672 cultum

269 2720 373 2784 nobis,
386 2718 582 2776 eruditissima
603 2717 730 2775 omnium
752 2737 823 2792 gens
845 2717 970 2789 invexit,
996 2720 1174 2777 sacrificulus
1197 2729 1224 2778 et
1247 2731 1338 2790 vates,

269 2844 327 2883 nec
342 2825 378 2895 is,
401 2824 451 2899 qui
466 2833 568 2898 aperta
581 2823 729 2898 religione,
751 2823 903 2898 propalam
920 2834 948 2881 ct
962 2835 1103 2898 quaestum
1119 2836 1148 2883 et
1158 2824 1370 2902 disciplinam4

269 2931 448 3009 profitendo,
470 2929 583 2988 animos
606 2949 704 2987 errore
724 2929 875 2998 imbueret,
896 2930 948 2986 sed
970 2931 1146 2988 occultorum
1169 2941 1198 2989 et
1223 2943 1339 2988 noctur-

269 3042 378 3093 norum
409 3035 529 3092 antistes
557 3054 717 3096 sacrorum.
765 3035 854 3091 Initia
884 3044 981 3106 erant,
1014 3055 1078 3110 quae
1110 3037 1210 3116 primo.
1238 3036 1369 3112 paucis5

269 3140 386 3203 tradita
406 3147 481 3209 suut,
504 3139 607 3195 deiude
628 3138 741 3213 vulgari
764 3148 859 3213 coepta
881 3150 948 3196 sunt
968 3160 1020 3215 per
1040 3142 1120 3198 viros
1140 3142 1340 3216 mulieresque.

270 3246 395 3306 Additae
414 3245 579 3320 voluptates
593 3244 725 3319 religioni
738 3243 797 3300 vini
812 3255 841 3300 et
855 3245 1016 3320 epularum,
1038 3264 1096 3319 quo
1111 3247 1341 3321 plurium'animi

270 3351 460 3410 illicerentur.
508 3349 603 3420 Quum
625 3349 860 3406 vinum.animos
882 3345 1051 3420 incendisset,
1075 3360 1103 3407 et
1124 3370 1184 3408 nox
1207 3358 1236 3408 et
1258 3345 1371 3408 mixtib
1401 3328 1407 3338 Ι

269 3455 510 3530 semiramem,
531 3455 624 3511 aetatie
639 3464 745 3512 teneres
760 3455 927 3524 maioribus,
948 3456 1101 3513 discrimen
1117 3474 1201 3514 omne
1222 3456 1341 3531 pudoris

249 3536 498 3628 exstinxissent,
528 3561 699 3634 corruptelae
727 3554 850 3635 primum
879 3562 972 3618 omnis
998 3543 1111 3637 generis
1141 3559 1203 3617 fieri
1231 3570 1341 3634 coeptae,

244 3662 248 3671 '
272 3684 366 3745 quum
397 3665 435 3721 ad
467 3665 496 3721 id
527 3665 664 3738 quisque,
697 3683 755 3738 qno
788 3676 893 3722 natura
924 3665 1068 3738 pronioris
1100 3665 1225 3722 libidinis
1257 3675 1341 3737 esset,
1425 3657 1429 3666 ’

271 3778 412 3847 paratam
434 3770 614 3845 voluptatem
636 3770 765 3826 haberet.
813 3771 877 3827 Nec
900 3789 987 3827 unum
1010 3789 1100 3845 genus
1121 3791 1206 3828 noxae
1240 3783 1370 3848 stupra7
1422 3768 1426 3777 ’

224 3888 236 3897 “
272 3874 445 3953 promiscua
465 3873 656 3950 ingenuqrum
678 3874 910 3950 feminarumque
931 3887 1028 3944 erant3
1050 3877 1100 3933 sed
1125 3875 1206 3954 [falsi
1228 3876 1340 3955 testea]

271 3979 355 4039 falsa
375 3977 460 4053 signa
481 3979 704 4053 testimoniaque
721 3992 754 4043 ,et
775 3980 881 4038 indicia
904 3999 940 4037 ex
963 3981 1063 4042 eadem
1076 3981 1193 4040 officina
1209 3983 1352 4050 exibant3.

272 4101 392 4143 venena
414 4083 540 4141 indidem
562 4085 761 4161 intestinaeque
782 4087 884 4154 cades,
906 4086 947 4142 ita
968 4095 1000 4142 ut
1022 4105 1059 4142 ne
1080 4105 1204 4163 corpora
1226 4089 1373 4162 quidem8

225 4222 227 4227 ·
272 4187 422 4249 interdum
451 4189 490 4245 ad
510 4190 687 4264 sepulturam
710 4199 867 4258 exstarent.
915 4191 1010 4248 Multa
1031 4192 1108 4263 dolo,
1130 4192 1269 4267 pleraque
1290 4213 1343 4269 per

233 4300 235 4307 '
274 4293 338 4352 vim
355 4292 552 4363 cudebantur3
574 4294 724 4351 occulebat
745 4296 814 4367 vim,
836 4297 915 4370 quod
937 4317 997 4372 pree
1018 4298 1174 4356 ululatibus
1189 4307 1342 4383 tympano·

1099 4401 1145 4453 11*
