3484 5025
622 503 699 552 Liber
709 503 766 574 XL
792 501 837 567 (A.
848 500 909 552 Chr.
929 502 999 568 lah)
1241 506 1300 563 229

265 687 298 745 ai
321 686 475 754 mandata,
507 694 539 742 ut
568 705 621 761 per
647 706 733 743 omne
754 687 924 760 obsequium
953 688 1113 745 insinuaret
1139 706 1171 746 se
1199 689 1230 745 in
1257 708 1345 763 quam

269 794 402 851 maxime
425 790 598 848 familiarem
622 811 716 864 usum,
737 802 770 850 ut
784 792 887 872 elicere
902 792 1000 849 omnia
1015 811 1124 850 arcana
1145 793 1347 869 specularique

269 897 391 956 abditos
415 872 476 954 eius
497 915 598 955 sensus
619 908 728 974 posset.
774 899 823 956 Ita
844 897 1003 973 digreditur
1022 898 1189 955 Demetrius
1213 918 1278 956 cum
1300 899 1347 956 in·
1441 941 1444 944 -
1491 878 1510 978 ¹⁴

226 1037 230 1043 ·
266 1003 452 1073 festioribus,
472 1021 560 1077 quarn
583 1004 608 1060 si
631 1004 710 1061 solus
732 1003 795 1074 iret,
816 1002 968 1079 praesidiis.
1015 1003 1169 1079 Philippus
1191 1006 1345 1063 Maedicam
1401 999 1443 1069 22
1504 1008 1512 1015 ’

243 1103 248 1109 ’
268 1110 416 1186 primum,
437 1108 540 1166 deinde
561 1108 729 1184 solitudines
751 1108 951 1167 interiacentes
973 1108 1103 1165 Maedicae
1131 1117 1219 1184 atque
1240 1102 1347 1168 Haerno
1379 1166 1384 1175 ,

269 1215 483 1292 transgressus,
505 1214 634 1290 septimis
657 1216 771 1293 demum
800 1215 903 1273 castris
927 1215 966 1271 ad
980 1214 1094 1272 radices
1116 1216 1222 1273 montis
1243 1235 1347 1291 perve-

268 1322 327 1379 nit.
383 1322 430 1379 Ibi
462 1340 550 1378 unum
582 1330 713 1379 moratus
745 1322 821 1379 diem
842 1321 881 1378 ad
912 1319 1090 1395 deligendos,
1125 1338 1198 1394 quos
1229 1321 1348 1378 duceret
1421 1352 1425 1361 ,
1485 1303 1490 1313 ’

267 1446 384 1497 secum,
405 1426 490 1484 tertio
513 1426 560 1483 die
579 1426 635 1484 iter
656 1437 699 1485 est
725 1428 882 1503 ingressus.
932 1427 1067 1484 Modicus
1094 1425 1188 1501 primo
1211 1427 1297 1483 labor
1316 1425 1378 1484 ἰινὶ

269 1534 342 1591 imis
365 1532 486 1594 collibus
509 1532 579 1602 fuit3
601 1541 741 1607 quantum
755 1533 786 1589 in
800 1530 980 1590 altitudinem
1001 1531 1231 1607 egrediebantur,
1253 1532 1348 1606 magis

270 1639 428 1714 magisque
448 1637 592 1695 silvestria
613 1639 654 1695 et'
662 1639 802 1713 pleraque
822 1638 902 1695 inuia
925 1637 991 1694 loca
1006 1636 1198 1712 excipiebant.
1239 1638 1378 1695 Parve-3

271 1763 346 1801 nere
368 1742 470 1800 deinde
491 1742 521 1799 in
542 1751 602 1798 tam
635 1760 758 1817 opacum
786 1742 857 1813 iter,
891 1750 923 1799 ut
950 1760 1011 1818 prae
1037 1742 1179 1799 densitate
1208 1744 1347 1801 arborum

270 1848 530 1922 immissorumque
552 1847 675 1904 aliorum
696 1846 726 1904 in
753 1846 827 1904 alios
848 1866 995 1914 ramorum
1023 1848 1149 1924 perspici
1174 1850 1274 1906 caelum
1296 1850 1349 1907 vix
1385 1837 1393 1850 '

270 1963 389 2039 possem
422 1962 453 2010 ut
481 1972 552 2010 vero
573 1952 648 2027 iugis
671 1953 960 2028 appropinquabant,
994 1952 1072 2028 quo'd
1099 1973 1197 2013 rarum
1220 1956 1249 2012 in
1281 1956 1379 2013 altisd

272 2060 348 2118 locis
370 2067 429 2129 est,
457 2059 531 2116 adeo
560 2057 659 2115 omnia
680 2067 813 2116 contecta
834 2051 955 2130 nebula,
988 2067 1020 2116 ut
1040 2059 1119 2116 hand
1150 2077 1233 2116 secus
1258 2078 1346 2133 quam
1429 2127 1431 2133 Α

272 2174 418 2222 nocturno
440 2162 541 2221 itinere
564 2163 780 2238 impedirentur.
831 2165 933 2222 Tertio
950 2165 1065 2222 deinum
1087 2164 1134 2221 die
1149 2165 1186 2221 ad
1208 2164 1346 2222 verticem

271 2278 457 2345 perventum.
493 2268 732 2345 ‘Nihil-vulgatae
754 2269 882 2345 opinioni
905 2248 1038 2345 degressi
1056 2270 1123 2327 inde
1148 2271 1345 2341 detraxerunt,
1363 2272 1380 2325 5

272 2375 385 2450 magis,
418 2374 521 2443 credo,
554 2392 591 2430 ne
612 2375 727 2431 vanitas
754 2374 863 2432 itineris
885 2376 1011 2433 ludibrio
1033 2381 1134 2446 esset,
1157 2391 1245 2447 quam
1269 2374 1348 2456 quod

271 2481 393 2538 diversa
415 2480 490 2536 iuter
511 2497 543 2536 se
565 2480 658 2537 maria
681 2456 853 2556 montesque
880 2490 909 2539 et
930 2499 1031 2539 amnes
1052 2499 1089 2538 ex
1111 2499 1169 2537 uno
1190 2481 1257 2538 loco
1279 2498 1349 2537 con·

269 2586 349 2662 spici
370 2586 524 2661 potuerint.
552 2574 684 2642 'Vexati
706 2606 823 2658 omnes,
857 2597 886 2644 et
913 2597 980 2650 ante
1010 2587 1083 2644 alios
1111 2605 1165 2644 rex
1185 2585 1266 2660 ipse,
1289 2584 1402 2659 quob,

270 2691 397 2768 gravior
417 2699 502 2748 aetate
522 2698 594 2761 erat,
618 2668 863 2750 difficultate⁸viae
891 2700 944 2750 est.
993 2693 1117 2750 Duabus
1140 2670 1199 2748 nris
1220 2691 1260 2747 ibi
1282 2690 1379 2747 Iovil

272 2804 305 2855 et
327 2797 391 2855 Soli
406 2795 528 2854 sacratis
544 2814 632 2873 quum
647 2796 834 2870 immolasset,
851 2797 1020 2873 quatriduo
1036 2797 1235 2867 adscenderat,
1258 2795 1348 2852 biduo
1449 2856 1453 2862 ,

220 2908 221 2911 ’
271 2911 321 2959 est
342 2902 505 2976 degressus,
523 2900 635 2977 frigora
656 2912 798 2961 noctu-rna
812 2903 941 2960 maxime
962 2911 1101 2977 metuens,
1124 2921 1188 2977 quae
1211 2892 1350 2959 caniculae

273 3015 342 3064 ortu
365 3006 471 3063 similia
490 3008 669 3064 brumalibus
693 2991 784 3065 erant.
842 3008 944 3066 Multis
965 3028 1029 3083 ·per
1061 3028 1110 3066 eos
1142 3010 1203 3066 dies
1226 3007 1402 3070 difflant-8,
1448 3024 1450 3028 ’

272 3088 386 3170 tatibus
411 3111 591 3169 conflictatus
613 3113 702 3170 nihilo
725 3112 836 3170 laetiora
861 3113 892 3169 in
914 3115 1016 3171 castris
1037 3115 1160 3187 invenit,
1194 3114 1244 3171 ubi
1269 3133 1350 3171 sum-

274 3235 326 3274 ma
347 3216 470 3292 penuria
492 3226 571 3288 erat,
592 3226 623 3274 ut
646 3218 676 3274 in
698 3218 832 3293 regione,
864 3236 953 3292 quam
981 3219 1019 3275 ab
1042 3220 1121 3275 omni
1142 3228 1226 3295 parte
1248 3219 1350 3279 solitu-
1382 3233 1386 3240 ·

272 3321 359 3378 dines
381 3321 556 3382 clauderent.
599 3324 705 3397 Itaque
726 3342 814 3380 unum
836 3330 949 3380 tautum
972 3332 1101 3380 moratus
1136 3325 1211 3381 diem
1245 3322 1382 3398 quietis9

275 3447 379 3485 eorum
402 3445 507 3499 causa,
540 3447 613 3503 quos
635 3427 778 3486 habuerat
799 3445 915 3497 secum,
948 3427 1050 3486 itinere
1077 3429 1143 3486 inde
1165 3429 1250 3486 simili
1272 3429 1349 3505 fugae

274 3533 306 3590 in
329 3510 521 3591 Dentheletos
542 3533 721 3590 transcurrit.
772 3533 851 3592 Socii
874 3543 970 3604 erant,
1000 3534 1051 3590 sed
1079 3543 1198 3610 propter
1219 3536 1349 3612 inopiam
1369 3538 1403 3590 10

273 3639 357 3696 haud
391 3657 474 3696 secus
507 3655 595 3710 quarn
629 3638 755 3694 bostium
787 3640 858 3696 fines
891 3639 1068 3697 Macedones
1100 3641 1232 3715 populati
1268 3652 1349 3713 sunt;

274 3742 419 3818 rapiendo
435 3743 510 3799 enim
527 3742 635 3817 passim
650 3743 735 3800 villas
751 3743 888 3818 primum,
911 3744 976 3802 dein
996 3745 1137 3819 quosdam
1163 3739 1250 3801 etiarn
1268 3745 1350 3803 vicos
1369 3749 1399 3802 lt

272 3857 457 3919 evastaruut,
478 3867 537 3904 non
555 3848 617 3904 sine
632 3867 739 3924 magno
760 3849 875 3924 pudore
887 3850 973 3925 regis,
988 3869 1083 3924 >quum
1101 3850 1245 3908 sociorum
1261 3869 1350 3908 voces

273 3935 472 4027 nequicquam
495 3954 565 4011 deos
586 3955 709 4011 sociales
733 3973 897 4028 nomenque
918 3951 1002 4012 snum
1017 3955 1205 4030 implorantes
1228 3956 1351 4012 audiret.

275 4058 439 4115 Frumento
463 4059 530 4116 inde
551 4060 666 4116 sublato
688 4060 718 4115 in
740 4060 894 4117 Maedicam
916 4079 1073 4135 regressus,
1106 4063 1223 4133 urbem,
1257 4081 1345 4136 quam
1370 4063 1404 4117 12

275 4163 399 4221 Petram
423 4162 580 4238 appellant,
610 4182 780 4239 oppugnare
803 4174 847 4222 est
868 4166 997 4224 adortus.
1052 4154 1120 4241 Ipse
1147 4185 1166 4222 a
1193 4166 1349 4244 campestri
1368 4169 1404 4224 13

272 4265 361 4337 aditu
382 4277 480 4325 castra
501 4268 611 4346 posuit5
648 4269 789 4327 Perseum
818 4272 908 4328 filium
938 4289 1003 4328 curn
1032 4272 1147 4328 modica
1177 4291 1264 4329 manu
1293 4274 1349 4330 cir·
1437 4313 1440 4318 -
