3484 5025
427 511 465 568 98
675 507 754 558 Liber
771 506 900 561 XXXIII.
938 506 987 570 (Δ.
999 521 1026 557 u.
1038 521 1060 557 c.
1073 506 1144 571 obl.)

337 697 372 751 10
385 693 591 769 expugnabiles
617 692 741 749 hostium
772 691 868 749 animi.
923 691 981 749 Die
1011 710 1046 749 ac
1077 702 1161 750 nocte
1192 691 1296 749 intenti
1325 692 1435 750 reticere

385 808 523 873 quassata
545 797 634 868 muri,
662 798 825 868 obstruere,
853 815 917 873 quae
937 796 1084 872 patefacta
1103 795 1194 855 ruinis
1215 805 1314 867 mant,
1341 796 1436 873 prolis

385 905 506 981 impigre
526 905 598 961 inire
627 916 655 961 et
683 904 770 961 armis
800 902 893 977 magis
917 918 1015 959 muros
1037 920 1123 977 quem
1146 919 1178 960 se
1198 903 1280 979 ipsos
1302 901 1436 960 moenibus

338 1013 369 1068 11
386 1010 486 1079 tutari3
517 1009 680 1085 diutiusque
708 1028 759 1085 spe
781 1011 976 1067 Romanorum
1006 1008 1183 1066 obsidionem
1210 1028 1277 1067 eam
1300 1008 1436 1068 extraria
1461 1083 1463 1088 Ι

386 1127 458 1186 sent,
481 1116 510 1173 ni
532 1116 645 1174 exsules
667 1117 784 1192 quidam
805 1116 900 1173 Italici
924 1113 1036 1190 generis
1058 1115 1192 1172 Leueade
1217 1115 1384 1173 habitantes
1403 1115 1436 1174 ab
1457 1111 1463 1228 j

338 1224 373 1281 12
387 1240 453 1278 arce
477 1221 580 1278 milites
601 1222 787 1298 accepissent.
834 1221 894 1279 Eos
915 1230 1012 1277 tamen
1033 1238 1070 1277 ex
1093 1221 1242 1297 superiore
1254 1221 1323 1280 loco
1337 1237 1435 1297 magno
1461 1271 1463 1302 :

387 1346 450 1385 oum
473 1327 595 1384 tumultu
617 1329 812 1395 decurrent-es,
843 1326 905 1383 acie
925 1325 955 1382 in
976 1324 1041 1384 foro
1061 1325 1215 1397 instructa,
1243 1327 1322 1386 iusto
1343 1327 1436 1404 prolia
1461 1337 1463 1344 '

339 1437 374 1494 13
387 1433 564 1507 aliquamdiu
598 1432 735 1489 Leucadii
770 1432 973 1488 sustinuerunt.
1030 1432 1148 1488 Interim
1179 1441 1208 1488 et
1239 1433 1328 1492 scalis
1358 1443 1436 1510 cap·
1461 1413 1463 1430 ι

387 1517 482 1595 multis
509 1538 580 1594 locis
608 1538 713 1595 moeuia
742 1546 771 1593 et
798 1556 850 1613 per
878 1547 1004 1612 stragem
1032 1537 1159 1613 lapidum
1184 1556 1220 1595 ac
1240 1540 1343 1598 ruinas
1363 1548 1451 1598 tran·

340 1650 375 1705 14
388 1664 518 1702 scensum
541 1645 571 1701 iu
586 1644 694 1714 urbem,
717 1643 833 1719 iamque
853 1644 916 1719 ipse
937 1644 1049 1718 legatus
1064 1663 1170 1720 magno
1185 1645 1303 1720 agmine
1324 1645 1432 1704 cirula·

388 1762 507 1808 venerat
528 1760 698 1826 pugnantes.
746 1750 822 1807 Tum
854 1768 923 1824 pars
952 1750 981 1806 in
1012 1749 1106 1807 medio
1138 1750 1221 1822 caesi,
1254 1769 1326 1827 pars
1357 1749 1431 1810 arab

340 1862 375 1917 15
388 1856 507 1914 abiectis
530 1857 699 1914 dediderunt
719 1874 781 1913 sese
801 1856 913 1913 victori.
961 1856 1000 1913 Et
1020 1866 1086 1931 post
1107 1856 1168 1913 dies
1188 1875 1316 1932 paucos,
1345 1857 1428 1916 aotlbs

387 1962 504 2038 proelio,
534 1981 591 2037 quo
618 1963 656 2019 ad
677 1960 910 2038 Cynoscephalas
938 1973 1095 2038 pugnatum
1119 1973 1194 2033 erat,
1227 1981 1329 2021 omnes
1349 1967 1376 2022 A
1423 2013 1426 2018 .

388 2068 481 2125 naniae
501 2066 599 2144 populi
620 2067 649 2123 in
670 2067 810 2124 dicionem
834 2067 922 2144 legati
942 2078 1090 2128 venerunt.

297 2171 339 2240 18
471 2174 578 2231 Iisdem
606 2174 721 2244 diebus,
754 2174 852 2230 omnia
881 2174 965 2231 simul
993 2175 1146 2232 inclinante
1174 2173 1310 2248 fortuna,
1338 2173 1424 2234 sled

389 2299 505 2355 quoque
526 2280 564 2336 ad
585 2279 786 2336 vindicandam
808 2298 827 2336 a
848 2280 984 2356 Philippo
1009 2281 1178 2339 continentis
1203 2283 1351 2357 regionem
1370 2281 1425 2354 (Pe

359 2391 475 2445 2raeam
496 2386 625 2459 vocant),
646 2403 808 2461 possessam
827 2404 845 2442 a
865 2386 1022 2443 maioribus
1043 2385 1111 2455 suis,
1132 2385 1347 2445 Pausistratum
1369 2403 1424 2464 pra·

390 2502 480 2549 torem
508 2513 571 2549 cum
602 2491 769 2566 octingentis
790 2492 907 2550 Achaeis
932 2492 1090 2569 peditibus,
1120 2492 1197 2550 mille
1223 2502 1250 2549 et
1273 2489 1423 2569 octingenfi

390 2598 450 2655 fere
473 2601 592 2656 armatis
621 2617 658 2683 ex
684 2599 766 2655 vario
789 2617 894 2674 genere
922 2601 1093 2657 auxiliorum
1122 2596 1262 2668 collectis,
1293 2600 1427 2671 miserat,

360 2703 471 2763 3Galli
502 2713 531 2760 et
551 2705 677 2763 Pisuetae
707 2714 736 2760 et
763 2704 892 2762 Nisuetae
918 2716 946 2762 et
968 2706 1103 2763 Tamiani
1129 2714 1157 2761 et
1179 2705 1250 2762 Arei
1282 2724 1319 2763 ex
1341 2703 1426 2764 affl

361 2817 419 2870 len
449 2809 605 2866 Laodiceni
640 2828 678 2866 ex
706 2810 781 2866 Asia
812 2821 903 2868 erant.
960 2810 1032 2869 Cum
1064 2811 1098 2868 iis
1132 2811 1222 2886 copiis
1245 2812 1424 2870 Pausistrsl!

391 2915 531 2972 Tendeba
551 2914 581 2972 in
602 2914 808 2973 Stratonicensi
831 2935 913 2992 egro,
937 2918 1030 2975 locum
1055 2925 1315 2992 peropportunum,
1338 2918 1345 2932 ⁸

361 3022 487 3097 bregiis,
509 3022 558 3096 qui
570 3023 674 3080 Therae
688 3032 777 3094 erent,
801 3023 962 3099 occupavit.
998 3022 1035 3079 In
1056 3031 1184 3097 tempore
1205 3033 1235 3081 et
1248 3025 1287 3081 ad
1308 3025 1425 3100 idipsis

391 3129 514 3187 excitum
537 3129 690 3200 auxilinm,
720 3130 796 3187 mille
817 3129 917 3186 Achaei
945 3128 1055 3204 pedites
1077 3147 1140 3185 cum
1163 3139 1276 3188 eentum
1301 3130 1431 3207 equitii!

361 3240 630 3311 dsupervenerunt3
664 3235 838 3292 Theoxenus
872 3235 907 3292 iis
939 3244 1071 3310 praeerat.
1126 3235 1314 3309 Dinocrates,
1346 3232 1425 3311 rsg‘!

391 3341 551 3417 praefectus,
581 3342 769 3417 recuperandi
799 3341 910 3398 castelli
944 3357 1032 3398 causa
1062 3339 1155 3415 primo
1185 3352 1282 3400 castra
1311 3343 1350 3400 ad
1375 3342 1425 3417 ip!

393 3448 532 3504 Tendeba
553 3458 659 3517 movet,
679 3448 746 3504 inde
767 3448 804 3504 ad
828 3447 948 3504 altorum
970 3445 1117 3503 castellum
1138 3445 1205 3503 item
1221 3442 1432 3507 Stratonicensi-

362 3552 455 3627 aegri
476 3553 638 3626 (Astragon
653 3555 786 3625 vocent);
807 3554 996 3627 omnibusque
1013 3549 1078 3628 [ex]
1095 3552 1244 3630 praesidiis,
1270 3572 1334 3630 qua
1348 3548 1424 3612 mulli·

392 3657 495 3715 fariam
517 3658 635 3715 disiecta
659 3667 756 3728 erant,
784 3658 930 3715 devocatis
952 3668 981 3715 et
1003 3658 1039 3715 ab
1060 3657 1126 3733 ipsa
1146 3657 1330 3718 Stratonicea
1350 3642 1424 3717 Tha·

391 3763 516 3821 selorum
540 3764 737 3833 auxiliaribus,
767 3764 804 3820 ad
826 3764 990 3834 Alabanda,
1019 3762 1068 3820 ubi
1096 3764 1192 3820 hostes
1218 3773 1310 3838 erant,
1339 3766 1424 3823 duco·

361 3870 491 3944 8pergit.
544 3870 608 3928 Nec
636 3869 741 3926 Rhodii
769 3887 897 3945 pugnam
926 3870 1164 3927 detrectaverunt.
1210 3870 1259 3926 Ita
1283 3870 1382 3929 castris
1401 3864 1445 3923 ‘a'

360 3973 553 4049 9propiuquo
580 3974 681 4032 locatis
708 3974 850 4050 extemplo
881 3974 910 4032 in
941 3975 1031 4032 aciem
1061 3975 1228 4032 descensum
1250 3985 1304 4038 est.
1350 3975 1423 4034 Diuo

391 4094 484 4137 crates
514 4080 684 4155 quingentos
713 4081 891 4138 Macedonas
926 4081 1028 4138 dextro
1057 4098 1161 4150 cornu,
1192 4079 1266 4140 loevo
1296 4082 1423 4159 Agrion!
1454 4052 1463 4127 ¹:

391 4187 480 4256 locat;
510 4186 540 4243 in
567 4186 690 4243 medium
725 4187 829 4263 accipit
862 4196 1024 4244 contractos
1060 4205 1098 4243 ex
1127 4187 1310 4246 castellorum
1339 4184 1422 4264 (Cam

391 4291 516 4348 maxime
538 4290 632 4365 erant)
657 4292 810 4367 praesidiis3
844 4293 953 4368 equites
977 4293 1111 4351 cornibus
1137 4294 1297 4352 circumdat
1322 4302 1351 4352 et
1369 4286 1422 4349 Cur
