3484 5025
468 502 501 573 12
732 498 813 549 Liber
829 496 935 552 XXXI,
971 496 1022 561 (A.
1034 510 1061 547 u.
1073 510 1095 545 c.
1108 496 1180 561 hut.)

391 687 506 752 lasset,
527 682 613 756 copia
633 682 669 738 iis
689 683 785 750 lieret3
805 680 938 738 consules
960 697 1062 754 agrum
1083 679 1276 745 estimaturos
1297 679 1372 737 etin
1385 681 1484 758 iugera

421 804 501 844 asses
521 786 662 861 vectigal,
683 785 809 842 testandi
829 802 919 841 causa
939 783 1085 859 publicum
1108 801 1211 858 agrum
1232 803 1312 857 esse,
1333 785 1483 860 impositu·

391 894 478 961 8ros,
501 886 541 962 ut,
562 892 587 948 si
608 892 683 965 quis,
706 908 794 963 quum
810 889 924 946 solvere
938 898 1037 964 posset
1052 887 1187 963 populus,
1210 890 1364 964 pecuniam
1378 891 1499 947 habere

421 1014 508 1070 quam
538 1014 642 1069 agrum
670 994 784 1065 mallet,
818 994 983 1050 restitueret
1013 1010 1114 1067 agrum
1141 993 1260 1068 populo.
1318 994 1395 1051 Laeti
1421 1013 1483 1051 eam

391 1100 618 1158 9condicionem
640 1098 747 1174 privati
768 1116 920 1177 accepere3
949 1097 1212 1171 trientabulumque
1241 1097 1266 1153 is
1298 1115 1389 1173 ager,
1418 1098 1484 1173 quia

421 1223 475 1280 pro
496 1205 582 1262 tertia
603 1214 686 1279 parte
709 1203 838 1279 pecuniae
860 1203 946 1258 datus
968 1211 1039 1272 erat,
1060 1201 1233 1276 appellatus.

328 1303 369 1371 14
504 1310 582 1367 Turn
600 1310 635 1367 P.
652 1306 806 1380 Sulpicius,
828 1306 985 1364 secuudum
1006 1315 1077 1363 vota
1097 1307 1128 1363 in
1144 1305 1289 1381 Capitolio
1310 1315 1483 1383 nuncupate,

391 1414 408 1469 2
420 1415 566 1491 paludatis
593 1413 742 1470 lictoribus
768 1409 917 1485 profectus
950 1410 988 1465 ab
1013 1411 1085 1467 urbe
1112 1411 1299 1468 Brundisium
1329 1411 1427 1482 veuit,
1458 1420 1485 1468 et

421 1519 566 1576 veteribus
589 1516 726 1575 militibus
747 1513 918 1572 voluntariis
940 1532 977 1569 ex
996 1514 1138 1573 Africano
1160 1517 1289 1574 exercitu
1311 1516 1341 1574 in
1358 1516 1484 1591 legiones

423 1622 573 1697 descriptis
594 1621 776 1693 navibusque
797 1638 835 1676 ex
855 1617 948 1674 classe
970 1616 1024 1679 Cn..
1044 1618 1171 1677 Cornelii
1186 1620 1292 1691 electis,
1314 1621 1408 1677 altero
1431 1619 1484 1689 die,

392 1712 510 1801 3'quam
535 1745 554 1783 a
574 1725 731 1781 Brundisio
752 1721 848 1792 solvit,
869 1722 1114 1780 inMacedoniam
1134 1725 1255 1782 traiecit.
1297 1726 1345 1782 Ibi
1364 1725 1392 1783 ei
1411 1743 1484 1801 pru)-

421 1841 466 1887 sto
478 1830 558 1887 fuere
571 1828 792 1887 Atheniensium
813 1826 904 1901 legati
926 1838 1052 1897 orantes,
1071 1839 1103 1886 ut
1123 1847 1156 1886 se
1173 1830 1324 1887 obsidione
1337 1830 1484 1891 eximeret.

422 1935 530 1992 Missus
562 1932 708 2006 extemplo
740 1932 873 1989 Athenas
898 1942 942 1988 est
964 1930 997 1989 C.
1020 1931 1159 1990 Claudius
1178 1932 1270 1991 Cento
1294 1953 1360 1992 cum
1384 1934 1486 2009 viginti

390 2040 515 2113 dlongis
530 2039 654 2095 navibus
674 2045 704 2093 et
718 2016 796 2092 mille
812 2036 943 2094 militum.
992 2039 1098 2112 Neque
1113 2036 1190 2093 eninr
1206 2037 1269 2112 ipse
1284 2058 1338 2096 rex
1352 2039 1484 2096 Athenas

421 2145 583 2201 obsidebat.
643 2142 690 2199 Eo
722 2141 849 2197 maxime
875 2149 1005 2215 tempore
1026 2142 1166 2218 Abydum
1194 2144 1400 2217 oppugnabat,
1427 2143 1484 2200 iom

422 2267 486 2306 cum
508 2248 631 2305 Rhodiis
652 2256 681 2304 et
702 2247 806 2305 Attalo
829 2245 983 2303 navalibus
1005 2246 1219 2316 certaminibus,
1240 2255 1344 2304 neutro
1366 2246 1485 2304 feliciter

390 2354 533 2427 bproelio,
555 2354 632 2409 vires
654 2363 804 2427 expertus3
826 2352 878 2408 sed
900 2351 1012 2407 animos
1032 2350 1059 2407 ei
1074 2350 1208 2421 faciebat,
1230 2360 1334 2426 praeter
1346 2350 1484 2412 feronem

419 2457 545 2527 insitam,
571 2457 665 2514 foedus
687 2458 775 2515 ictum
797 2474 862 2514 cum
885 2456 1033 2513 Antiocho
1044 2455 1136 2532 Syriae
1157 2474 1226 2532 rege
1247 2457 1405 2532 divisaque
1426 2453 1503 2514 iam*

420 2580 484 2617 curn
507 2579 542 2618 eo
563 2562 689 2636 AEgypti
712 2579 791 2636 opes,
813 2561 868 2631 cui,
890 2571 983 2617 morte
1000 2561 1099 2619 audita
1116 2561 1268 2619 Ptolemaei
1288 2563 1375 2638 regis,
1398 2561 1484 2618 ambo

419 2665 617 2724 imminebant.

390 2773 407 2828 6
504 2766 719 2826 contraxerant
740 2779 838 2825 autem
859 2769 916 2826 sibi
937 2788 1001 2826 cum
1014 2771 1151 2846 Philippo
1174 2771 1280 2827 bellum
1291 2771 1484 2828 Athenienses

420 2874 646 2947 haudquaquam
668 2874 757 2947 digna
778 2892 878 2943 causa,
901 2873 968 2930 dum
991 2893 1028 2930 ex
1050 2885 1149 2931 vetere
1163 2874 1283 2932 fortuna
1299 2875 1371 2931 nihil
1382 2884 1485 2950 praeter

390 2976 533 3036 lanimos
554 2989 681 3038 servant.
731 2982 903 3036 Acarnanes
922 2978 989 3044 >duo
1019 2979 1137 3037 iuvenes
1165 2999 1217 3054 per
1247 2979 1395 3036 initiorum
1425 2980 1485 3037 dies

420 3100 478 3137 nou
501 3082 605 3139 initiati
626 3083 765 3157 templum
787 3081 916 3152 Cereris,
943 3083 1139 3157 imprudentes
1156 3077 1321 3160 religionis,
1348 3102 1415 3140 cum
1437 3102 1484 3141 ce-

391 3189 484 3246 Stera
508 3188 594 3243 turba
616 3188 738 3263 ingressi
759 3197 834 3244 sunt.
884 3186 986 3243 Facile
1014 3204 1064 3243 eos
1094 3205 1189 3245 sermo
1211 3189 1339 3264 prodidit
1353 3190 1485 3247 absurde

421 3292 553 3364 quadam
575 3300 794 3367 percontantes,
826 3290 999 3364 deductique
1024 3291 1063 3346 ad
1085 3292 1226 3364 antistites
1249 3293 1366 3368 templi,
1397 3312 1485 3368 quum

420 3395 518 3469 palam
549 3406 625 3454 esset
652 3415 706 3471 per
735 3415 861 3453 errorem
889 3394 1051 3469 ingressos,
1091 3405 1229 3471 tauquam
1267 3399 1305 3454 ob
1333 3397 1485 3456 infandum

390 3500 514 3558 llscelus
542 3500 685 3558 interfecti
712 3510 789 3560 sunt.
835 3501 871 3557 Id
900 3509 960 3556 tam
988 3499 1065 3557 foede
1093 3508 1182 3575 utque
1206 3503 1349 3560 hostiliter
1375 3502 1485 3561 iactum

420 3622 491 3678 gens
512 3607 702 3663 Acarnanum
723 3605 761 3661 ad
782 3604 949 3679 Philippum
973 3604 1089 3675 detulit,
1119 3606 1343 3682 impetravitque
1372 3609 1411 3665 ab
1441 3626 1498 3679 eo,¹

422 3715 462 3776 ut,
484 3708 560 3765 datis
582 3710 776 3766 Macedonum
798 3708 928 3778 auxiliis,
958 3708 1064 3766 bellum
1083 3728 1115 3767 se
1135 3710 1241 3768 inferre
1258 3713 1485 3772 Atheniensibus

372 3816 577 3885 repeteretur.
626 3814 685 3870 Hic
706 3814 849 3870 exercitus
870 3813 964 3887 primo
986 3822 1093 3871 terram
1115 3816 1246 3873 Atticam
1268 3816 1346 3873 ferro
1367 3816 1486 3893 ignique

422 3916 614 3991 depopulatus
643 3936 707 3974 cum
738 3918 831 3975 omnis
860 3921 975 3993 generis
998 3921 1099 3994 praeda
1119 3919 1149 3976 in
1170 3921 1368 3978 Acarnaniam
1391 3901 1504 3979 rediit·

422 4020 462 4076 Et
482 4021 605 4078 irritatio
634 4023 748 4095 quidem
780 4025 943 4081 animorum
970 4043 1006 4082 ea
1034 4025 1129 4098 prima
1147 4024 1216 4094 fuit,
1244 4036 1347 4100 postea
1377 4027 1483 4084 iustum

372 4131 406 4186 ll
422 4124 529 4182 bellum
551 4126 673 4183 decretis
691 4127 816 4185 civitatis
838 4129 914 4186 ultro
933 4130 1086 4188 indicendo
1106 4129 1224 4188 factum.
1266 4131 1386 4188 Attalus
1408 4133 1484 4190 enim

421 4250 474 4288 rex
498 4232 665 4305 Rhodiique
693 4234 835 4306 persecuti
866 4235 1014 4291 cedentem
1038 4234 1068 4290 in
1090 4234 1292 4292 Macedoniarn
1316 4236 1484 4311 Philippum
