3484 5025
485 530 522 587 52
740 529 817 579 Liber
828 529 968 582 xxxvu
1005 528 1051 593 (A.
1061 546 1087 583 n.
1097 544 1120 582 c.
1131 528 1205 596 ⁶64.)
1266 551 1269 556 ·

444 713 641 789 Polyxenidas
662 713 799 783 classem,
821 733 886 789 quae
908 715 946 771 ad
967 712 1065 772 Canas
1087 723 1165 786 erat,
1186 718 1371 793 opprimeret,
1391 719 1470 795 Abydi

445 819 594 878 obsidione
616 820 804 894 custodiaque
815 819 998 895 Hellesponti
1021 821 1167 897 extemplo
1189 822 1299 893 relicta,
1316 840 1405 892 naves,
1422 842 1473 898 qua

413 926 591 983 dsubductae
619 924 707 983 Canis
735 935 830 995 erant,
860 925 987 982 deduxit.
1034 928 1075 984 Et
1101 928 1249 985 Eumenes
1274 928 1378 986 Elaeam
1403 929 1471 986 venit.

445 1031 545 1090 Livius
567 1030 645 1087 omni
670 1031 777 1101 classe,
804 1032 850 1088 cui
872 1031 1042 1088 adiunxerat
1064 1032 1138 1089 duas
1159 1033 1292 1091 triremes
1312 1034 1473 1111 Mitylenen,

444 1137 599 1194 Phocaeam
626 1135 705 1209 petit.
760 1136 854 1208 Quam
887 1156 974 1212 quum
1008 1138 1098 1194 teneri
1125 1137 1227 1196 valido
1256 1140 1335 1215 regio
1365 1140 1474 1215 presidio

413 1250 430 1303 o
445 1242 581 1310 audisset,
595 1260 647 1297 nec
662 1241 762 1315 procul
777 1240 889 1300 Seleuci
912 1252 1007 1299 castra
1026 1262 1098 1314 esse,
1121 1244 1314 1319 depopulatus
1328 1245 1470 1302 maritimam

444 1328 594 1414 memet,
625 1348 724 1421 praeda
744 1348 871 1404 maxime
892 1348 1039 1405 hominnm
1061 1351 1167 1426 raptim
1195 1351 1225 1407 in
1245 1370 1335 1409 naves
1354 1351 1474 1427 imposita,

443 1464 554 1511 tantum
566 1460 705 1521 moratus,
726 1452 793 1509 dnm
807 1454 951 1511 Eumenes
967 1473 1030 1511 cum
1044 1455 1136 1512 classe
1149 1468 1358 1530 assequeretur,
1378 1458 1473 1517 Sanun

413 1569 542 1634 7petere
562 1558 691 1618 intendit.
738 1559 860 1617 Rhodiis
888 1560 982 1635 primo
1005 1561 1104 1617 audita
1127 1562 1225 1619 clades
1248 1562 1334 1619 simul
1354 1579 1474 1638 pavorem,

444 1666 529 1723 simul
550 1665 656 1721 luctum
687 1664 830 1739 ingentem
854 1663 934 1736 iecit3
961 1684 1028 1722 narn
1055 1676 1159 1741 praeter
1182 1669 1301 1732 navium
1325 1669 1474 1743 militumque

444 1773 594 1837 iacturam,
625 1771 702 1844 quod
723 1770 813 1841 floris,
843 1772 921 1844 quod
942 1772 1056 1829 roboris
1076 1772 1105 1828 in
1127 1772 1277 1831 iuventute
1298 1774 1397 1845 fuerat,
1421 1773 1472 1832 aui·

412 1878 551 1944 8seraut‚
574 1876 669 1933 multis
690 1876 835 1933 nobilibus
857 1876 962 1933 secutis
986 1876 1060 1933 inter
1081 1887 1178 1934 cetera
1200 1882 1398 1939 auctoritatem
1416 1883 1474 1940 Pau·

442 1983 566 2054 sistrati,
594 2001 658 2056 quae
686 1983 760 2039 inter
780 2000 848 2039 suos
876 1982 979 2039 merito
1007 1982 1136 2039 maxima
1168 1996 1247 2056 erat3
1281 1988 1389 2059 deinde,
1417 1984 1471 2062 qnod

443 2089 545 2147 fraude
571 2088 663 2163 capti,
696 2089 774 2162 quod
805 2108 823 2145 a
851 2088 914 2145 cive
938 2088 1119 2162 potissimum
1151 2108 1205 2148 suo
1232 2091 1344 2163 forent,
1372 2095 1399 2151 in
1420 2093 1470 2150 nas

412 2197 536 2253 9luctns
559 2194 652 2251 vertit.
697 2194 806 2251 Decem¹
834 2193 979 2269 extemplo
1002 2213 1109 2262 naves,
1141 2208 1169 2252 et
1191 2196 1293 2256 diebus
1315 2209 1380 2275 post
1399 2197 1472 2275 psus

443 2302 541 2358 decem
565 2300 653 2366 alias,
677 2298 813 2375 praefecto
835 2300 962 2357 omnium
985 2300 1129 2371 Eudamo,
1151 2303 1300 2376 miserunt,
1323 2325 1412 2380 quem,
1429 2300 1474 2361 ald

443 2407 596 2464 virtutibus
618 2405 727 2462 bellicis
751 2406 977 2480 haudquaquam
998 2406 1181 2463 Pausistrato
1204 2428 1315 2483 parem,
1338 2411 1474 2474 cautiora,

393 2520 429 2571 10
444 2535 501 2588 quo
525 2514 617 2570 minus
641 2513 729 2568 animi
751 2522 822 2582 erat,
845 2513 946 2570 ducem
968 2512 1094 2570 futurum
1118 2516 1285 2572 credebant.
1325 2516 1466 2574 Romania

444 2622 587 2678 Eumenes
615 2638 667 2675 rex
701 2618 729 2674 in
756 2619 938 2694 Erythraeam
971 2619 1093 2693 primum
1130 2621 1252 2678 classem
1292 2623 1471 2697 applicueruut-

442 2727 488 2782 Ibi
509 2735 622 2782 noctem
645 2742 730 2778 unam
754 2723 868 2793 morati,
890 2736 1007 2798 postero
1030 2725 1076 2780 die
1094 2723 1248 2800 Corycum,
1271 2728 1404 2807 Teiorqyn
1421 2743 1467 2802 prt-

394 2837 424 2889 ll
443 2831 627 2898 montorium,
650 2838 810 2885 tenuerunt.
859 2830 931 2885 Inde
954 2849 1040 2903 quum
1065 2830 1093 2885 in
1114 2831 1251 2904 proxima
1266 2832 1371 2891 Samiae
1391 2832 1467 2890 velent
1499 2864 1503 2869 ·

441 2937 581 3004 traiicere,
603 2954 660 2992 non
674 2943 841 3010 exspectato
856 2935 926 2991 solis
946 2945 1020 3005 ortu,
1043 2955 1079 2992 ex
1102 2955 1160 3010 quo
1182 2946 1289 2995 statum
1312 2941 1372 2997 caeli
1393 2944 1470 2996 notatt'

441 3045 647 3119 gubernatores
694 3048 831 3115 possent,
882 3040 911 3096 in
960 3041 1098 3098 incertam
1147 3052 1347 3119 tempestatem
1392 3045 1414 3100 ie

392 3149 539 3207 ltMedio
561 3147 712 3216 incursu,
743 3146 878 3220 aquilone
899 3146 928 3201 in
949 3148 1170 3220 septentrionem
1195 3168 1297 3217 verso,
1325 3153 1464 3225 exasperat·

349 3251 386 3320 13
441 3255 574 3311 fluctibus
597 3253 669 3309 mari
692 3252 794 3308 iactari
826 3261 982 3325 coeperunt.
1030 3253 1228 3329 Polyxenidas
1252 3256 1371 3314 Samum
1391 3252 1461 3332 petia
1487 3230 1499 3343 ι’,

440 3380 488 3417 ros
511 3371 591 3417 ratus
613 3361 719 3427 hostes,
741 3367 773 3413 nt
794 3376 825 3414 se
839 3357 959 3415 Rhodiae
984 3358 1069 3414 classi
1091 3359 1306 3434 coniungerent,
1327 3365 1363 3420 ab
1378 3360 1460 3436 apta·
1493 3376 1503 3445 s

440 3466 586 3541 profectus
609 3465 702 3540 primo
725 3463 761 3519 ad
784 3465 974 3538 Myonnesum
997 3464 1089 3532 stetit3
1116 3465 1182 3520 inde
1204 3467 1243 3522 ad
1264 3469 1384 3537 Macrin,
1402 3473 1459 3539 qna!
1484 3500 1491 3509 ·

440 3583 555 3642 vocant,
577 3570 699 3627 insulam
722 3569 842 3639 traiecit,
864 3579 896 3624 ut
917 3571 1150 3643 praetervehentis
1173 3572 1274 3630 classis
1287 3574 1311 3628 si
1325 3569 1458 3647 quasaba·
1497 3546 1502 3553 ⁸

439 3690 536 3735 rantes
557 3697 594 3733 ex
617 3675 731 3751 agmine
751 3693 841 3731 naves
861 3684 969 3749 posset,
992 3685 1042 3732 aut
1063 3685 1240 3750 postremum
1264 3696 1367 3753 agmen
1387 3685 1457 3749 oppos·

409 3787 508 3840 2tune
530 3783 700 3842 adoriretur.
747 3783 908 3855 Postquam
931 3799 1061 3856 sparsam
1078 3790 1249 3856 tempestate
1273 3777 1428 3840 classemvi
1489 3760 1503 3809 ”·

441 3887 622 3944 occasionem
644 3888 738 3963 primo
761 3886 947 3962 aggrediendi
967 3896 1057 3955 ratus,
1078 3887 1250 3962 paulopost
1269 3890 1419 3947 increbresc
1438 3866 1441 3871 Ι
1501 3892 1503 3903 '

409 3999 526 4052 3vento
548 4004 576 4050 et
597 3992 721 4051 maiores
743 3995 801 4050 iam
823 3993 956 4050 volvente
982 3993 1099 4063 fluetus,
1129 3995 1198 4067 quia
1224 3996 1375 4071 pervenire
1398 3976 1454 4048 safl

441 4117 492 4156 eos
517 4099 635 4156 videbat
658 4118 716 4155 non
738 4117 834 4174 posse,
854 4099 892 4155 ad
906 4098 1067 4155 AEthaliam
1090 4098 1212 4156 insulam
1236 4100 1356 4171 traiecit,
1374 4106 1402 4156 ut
1416 4086 1457 4152 'nd
1497 4106 1500 4111 '

406 4213 423 4263 t
440 4215 557 4280 postero
571 4206 617 4262 die
632 4205 750 4263 Samum
773 4224 810 4261 ex
832 4205 891 4262 alto
912 4214 1042 4278 petentes
1062 4221 1152 4259 naves
1174 4206 1385 4280 aggrederetur.
1421 4199 1455 4256 Bt

298 4311 532 4466 ‘manss
561 4331 629 4386 pars
652 4311 773 4386 exigna,
802 4309 902 4385 primis
932 4309 1056 4366 tenebris
1085 4319 1199 4382 portum
1222 4312 1365 4370 desertum
1386 4301 1458 4369 sarh
