3484 5025
563 491 641 542 Liber
657 491 771 542 XXXV.
807 491 853 554 (A.
866 489 916 545 Cb.
933 492 999 555 191.)
1205 496 1264 552 205

242 683 365 732 mettun
387 674 471 742 dura,
494 682 598 730 eventu
618 674 712 732 tristia
733 692 805 731 esse.
843 675 972 749 Legatos
989 676 1148 746 Romanos,
1172 684 1201 733 et
1221 676 1250 733 in
1271 676 1307 734 iis

242 775 277 838 1¹.
299 774 486 850 Quinctium,
516 779 596 835 haud
616 778 718 855 procul
738 779 805 835 inde
827 779 944 847 abesse3
974 779 1042 834 dum
1072 780 1185 855 integra
1209 783 1306 840 omnia
1323 785 1357 839 11

242 891 349 951 nant,
383 882 481 940 verbis
503 884 600 959 potius
621 884 658 941 de
679 884 728 953 iis,
758 902 822 957 quas
843 883 1075 957 ambigerentur,
1103 886 1306 960 disceptarent,

242 1003 328 1062 qum
370 987 475 1046 Asiam
507 989 716 1063 Europamque
753 989 791 1044 ad
830 988 975 1046 funestum
1009 1001 1155 1046 armarent
1189 991 1304 1047 bellum.

242 1090 397 1162 “altitudo
434 1093 522 1151 avida
559 1093 688 1150 novandi
725 1110 771 1150 res
808 1093 947 1150 Antiochi
982 1104 1045 1150 tota
1080 1105 1161 1165 erat,
1206 1105 1235 1151 et
1270 1116 1307 1152 ne
1352 1088 1397 1157 33

242 1195 436 1262 ι’ᾱωίιιιυᾱοι
453 1197 568 1272 quidem
587 1197 616 1254 in
632 1196 784 1255 concilium
795 1199 945 1255 Romanos
956 1199 1125 1269 censebant3
1144 1199 1306 1275 principum

242 1301 369 1368 mxime
379 1302 508 1360 seniores
523 1301 696 1359 auctoritate
710 1301 904 1371 obtinuerunt,
919 1313 951 1359 ut
965 1303 1085 1360 daretur
1098 1303 1133 1360 iis
1144 1303 1305 1364 concilium.

242 1401 308 1468 Hae
345 1405 493 1464 decretum
533 1406 727 1464 Athenienses
765 1425 854 1480 quum
888 1407 1068 1476 retulissent,
1110 1408 1235 1465 eundum
1276 1406 1336 1465 int

242 1507 385 1570 Heliam
406 1509 543 1584 Quinctio
564 1510 659 1568 visum
680 1520 740 1581 est,
765 1520 816 1567 sut
838 1511 914 1567 enim
937 1521 1081 1567 moturum
1104 1511 1229 1586 aliquid,
1256 1513 1335 1571 autd

242 1609 341 1674 banos
361 1614 494 1673 homines
516 1624 603 1673 testes
624 1614 705 1686 fore,
736 1634 825 1692 penes
845 1614 965 1673 AEtolos
995 1615 1109 1689 culpam
1136 1616 1204 1673 belli
1232 1636 1304 1687 esse,

242 1717 414 1786 Romanos
405 1730 484 1778 ruste
497 1739 533 1778 ac
545 1740 637 1797 prope
648 1721 813 1778 necessaria
827 1729 992 1794 sumpturos
1005 1738 1097 1776 arma
1143 1722 1303 1797 Postquam
1318 1724 1334 1778 4

242 1833 356 1904 [ptum
374 1833 418 1882 est
434 1842 479 1896 eo,
503 1823 654 1897 Quinctius
674 1826 704 1882 in
718 1824 851 1896 concilio,
873 1842 955 1881 orsus
970 1842 990 1882 a
1004 1824 1143 1900 principio
1158 1827 1305 1887 societatis

242 1909 408 1998 mierum
431 1946 496 1986 cum
511 1930 659 1988 'Romanis
692 1940 721 1987 at
742 1930 855 2004 quoties
878 1931 915 1986 ab
936 1928 971 1985 iis
993 1929 1065 1985 fides
1086 1942 1167 1987 mota
1187 1931 1304 1990 foederis

242 2013 327 2114 hat,
341 2052 436 2108 pauca
450 2034 487 2090 de
497 2033 559 2091 iure
572 2034 741 2104 civitatium,
763 2035 799 2091 de
816 2035 921 2110 quibus
936 2035 1139 2109 ambigeretur,
1158 2037 1304 2094 disseruit:

242 2133 356 2222 biquid
375 2147 473 2196 tamma
494 2140 570 2213 aequi
591 2139 747 2197 se'habere
768 2138 986 2208 arbitrarentur,
1009 2151 1118 2213 quanto
1135 2158 1198 2198 esse
1213 2143 1335 2199 satiust

242 2235 364 2308 Romam
394 2242 509 2300 mittere
535 2243 665 2317 legatos,
694 2262 744 2301 seu
773 2244 936 2319 disceptare
963 2261 1013 2301 seu
1043 2261 1148 2317 rogare
1173 2253 1303 2300 senatum

242 2344 374 2417 nudent,
415 2365 504 2421 quam
535 2347 674 2422 populum
704 2350 868 2406 Romanum
902 2367 966 2406 cum
997 2348 1162 2418 Antiocho,
1193 2347 1335 2410 lanistist

242 2425 362 2523 ²joelis,
393 2469 453 2507 non
486 2450 549 2509 sine
578 2470 685 2528 magno
714 2463 794 2511 motu
824 2454 938 2528 generis
968 2453 1088 2511 humani
1119 2462 1147 2509 et
1179 2453 1304 2530 pernicie

242 2530 361 2627 §moa
375 2555 533 2615 dimicare?
570 2557 635 2614 Nec
655 2558 731 2615 ullos
751 2560 831 2635 prius
852 2559 964 2616 cladem
988 2559 1050 2616 eius
1071 2558 1138 2615 belli
1160 2576 1304 2630 sensuros,

242 2658 327 2831 Ε)
359 2662 409 2736 qui
440 2662 607 2722 movissent.
673 2665 746 2722 Haeo
781 2663 973 2738 nequicquam
1013 2662 1094 2720 velut
1130 2663 1333 2720 vaticinatus?

317 2783 398 2825 auus.
461 2767 563 2825 Thoas
595 2768 699 2827 deinde
730 2769 876 2843 ceterique
908 2768 1043 2826 factionis
1079 2767 1206 2824 eiusdem
1238 2786 1303 2825 cum

242 2860 358 2943 ¹”tarsu
392 2872 520 2929 omnium
552 2872 644 2930 auditi
673 2873 870 2948 pervicerunt,
907 2883 940 2930 ut
980 2892 1016 2930 ne
1057 2871 1146 2929 dilato
1187 2872 1333 2946 quidem8

242 2948 359 3051 badio
377 2986 406 3035 et
424 2977 592 3035 absentibus
602 2979 744 3036 Romanis
761 2978 907 3035 decretum
922 2979 1013 3046 fieret,
1035 2996 1093 3051 quo
1110 2987 1304 3036 accerseretur

243 3060 266 3081 Η
304 3080 401 3139 'ochus
439 3083 477 3139 ad
515 3083 695 3141 liberandam
728 3082 873 3142 Graeciam
913 3082 1191 3156 disceptandumque
1228 3081 1303 3138 inter

242 3078 358 3267 a*
389 3196 418 3245 ot
447 3190 608 3247 Romanos.
669 3187 746 3245 Huic
785 3198 844 3244 tam
881 3186 1007 3261 superbo
1043 3185 1159 3241 decreto
1192 3184 1333 3240 addidit9

243 3274 272 3369 Β,
315 3291 386 3351 riam
408 3292 613 3349 coutumeliam
627 3286 823 3349 'Damocritus
844 3299 952 3365 praetor
972 3307 1089 3358 eorum3
1121 3306 1188 3343 nam
1214 3306 1300 3361 quum

309 3394 402 3471 ipsum
439 3395 587 3453 decretum
624 3406 758 3470 posceret
798 3413 862 3451 eum
896 3392 1062 3466 Quinctius,
1103 3410 1162 3448 nou
1194 3391 1302 3448 veritus

243 3484 507 3571 ῥέειιιιεωνίη
499 3498 675 3569 '',aliud
665 3519 695 3556 m
728 3496 899 3574 praeseutia,
934 3496 1012 3570 quod
1049 3496 1141 3569 magis
1173 3495 1302 3564 instaret,
1318 3499 1354 3554 10

320 3603 468 3661 erteudum
504 3603 560 3661 sibi
594 3621 657 3662 esse
695 3603 780 3672 dixit,
821 3601 967 3659 decretum
1006 3618 1235 3675 responsumque
1272 3599 1302 3655 in

243 3582 455 3877 {snm
488 3708 591 3766 castris
623 3718 710 3783 super
741 3707 834 3781 ripam
861 3705 977 3762 Tiberis
1009 3703 1126 3779 positis,
1158 3703 1302 3760 daturum.

243 3846 249 3873 r
277 3866 283 3875 ,
362 3809 449 3875 furor
462 3810 513 3868 illo
528 3821 658 3887 tempore
671 3820 786 3887 gentem
800 3809 978 3879 AEtolorum,
999 3817 1096 3865 tantus
1116 3808 1302 3883 magistratus
1317 3811 1350 3867 11

243 3908 340 3973 dnm
362 3932 395 3971 ce
416 3914 445 3973 it

326 3933 476 4093 Quinbtius
490 4017 637 4093 legatique
649 4017 820 4077 Corinthum
831 4018 985 4077 redieruut.
1032 4016 1115 4086 Inde,
1133 4024 1164 4073 ut
1180 4034 1302 4090 quaeque
1352 4012 1399 4083 84

243 4108 287 4177 sb
302 4122 482 4181 Amissum*
489 4117 514 4198 ¹)
539 4123 611 4180 nihil
631 4142 684 4199 per
704 4121 811 4197 seipsi
832 4121 903 4178 moti
931 4131 960 4177 et
980 4119 1112 4176 sedentes
1133 4129 1302 4195 exspectare

243 4266 247 4313 ζ
285 4254 429 4326 'idacidit
445 4263 556 4328 aliquid,
575 4263 728 4314 fommein
746 4263 812 4313 hano
830 4263 953 4314 formam:
980 4261 1066 4313 fama
1090 4262 1194 4312 allata
1218 4268 1301 4321 erat,

330 4334 430 4384 Etoli
454 4334 681 4399 excipiebant,
708 4339 739 4382 et
761 4345 798 4381 ne
