3484 5025
438 466 442 476 ’
495 490 549 545 160
738 486 815 535 uiuet
831 484 958 536 xxxm.
995 486 1043 552 (s.
1060 501 1085 535 u.
1106 500 1128 534 a.
1146 485 1222 547 scr.)

448 670 547 730 furtim
574 679 691 728 senatus
715 670 876 729 consultum
907 670 1016 730 factum
1046 672 1086 729 ad
1111 670 1251 728 aerarium
1274 670 1418 742 detulerit,
1439 672 1500 729 Am·

418 776 579 836 9braciam
599 795 659 834 nou
679 774 772 833 videri
792 776 821 833 vi
843 786 976 853 captam,
1004 796 1069 853 quas
1090 794 1200 852 aggere
1226 795 1263 834 ac
1285 775 1379 844 vineis
1402 793 1497 851 oppug-

449 893 520 940 nata
544 884 590 953 sit,
612 882 670 953 ubi,
691 882 814 939 incensis
836 884 981 959 operibus,
1003 883 1062 941 alia
1082 884 1119 941 de
1138 884 1256 968 integro
1277 882 1361 942 facta
1380 883 1441 954 sint,
1458 881 1506 956 nli¹

449 989 527 1048 circa
547 1007 646 1046 muros
667 1006 756 1063 supra
777 989 933 1065 subterque
960 999 1065 1047 terram
1094 961 1147 1064 pei
1173 990 1238 1047 dies
1259 989 1421 1065 quindecim
1437 1005 1491 1064 pag·

401 1100 436 1154 10
449 1102 559 1164 uatum,
580 1095 630 1151 ubi
644 1113 662 1151 e
677 1095 771 1169 prima
784 1094 857 1166 luce,
878 1114 968 1170 quum
989 1096 1047 1152 iam
1067 1096 1298 1153 transcendisset
1313 1114 1408 1166 muros
1421 1094 1488 1164 milas,
1508 1083 1510 1090 ¹

450 1218 542 1274 usque
572 1199 610 1257 ad
638 1208 752 1257 noctem
778 1200 827 1257 diu
849 1219 955 1276 anceps
978 1200 1111 1276 proelium
1132 1202 1273 1272 tenuerit,
1303 1200 1352 1260 ubi
1372 1200 1432 1277 plus
1449 1200 1486 1258 tr'e

243 1356 247 1371 ,
352 1375 357 1385 Ι
400 1312 433 1367 ll
449 1306 539 1363 millia
559 1305 686 1363 hostium
707 1306 765 1362 sint
785 1324 868 1366 caesa.
906 1307 971 1363 Iam
988 1307 1024 1363 de
1039 1306 1159 1365 deorum
1174 1306 1385 1366 immortalium
1398 1305 1485 1382 tempb

425 1439 432 1462 t
448 1411 580 1487 spoliatis
598 1411 627 1468 in
639 1420 726 1487 capta
740 1412 931 1487 urbequalam
940 1412 1199 1470 calumniam**ad
1207 1409 1483 1489 pontificasattuluitl

400 1518 436 1573 tu
449 1517 516 1575 Nisi
548 1517 758 1593 Syracusarum
795 1528 1014 1594 ceterarumque
1045 1527 1197 1593 captarum
1230 1518 1403 1576 civitatium
1421 1535 1482 1576 ome

450 1622 553 1680 mentis
576 1623 674 1679 urbem
698 1624 834 1680 exornari
856 1622 903 1680 fas
923 1622 1020 1693 fuerit,
1041 1623 1071 1680 in
1085 1623 1249 1681 Ambracia
1265 1643 1325 1682 uua
1346 1633 1479 1699 captante

400 1731 436 1786 13
449 1727 573 1785 vuluerit
596 1727 664 1784 belli
684 1728 738 1786 ius.
786 1729 825 1787 Sa
852 1740 879 1786 et
902 1739 1000 1803 patres
1020 1711 1203 1803 ⁴conscriptos
1230 1749 1318 1788 orare
1346 1738 1375 1787 et
1400 1729 1432 1787 sb
1447 1726 1478 1786 ti

449 1834 527 1889 buno
548 1842 662 1908 petere,
691 1814 787 1892 nese
807 1834 1014 1911 superbissimo
1035 1834 1151 1891 inimico
1173 1834 1301 1892 ludibrio
1323 1835 1477 1913 essesiuaut

351 1933 375 2005 b
452 1939 586 2013 Undique
607 1913 707 1998 omncs
735 1940 786 1998 alii
809 1940 959 2016 deprecari
982 1940 1142 2009 tribunum,
1175 1940 1227 1998 alii
1253 1941 1402 2018 castigare.
1447 1937 1475 1998 ll

419 2046 578 2105 2Gracchi
607 2045 724 2121 collegae
754 2046 908 2122 plurimum
939 2046 1033 2103 oratio
1063 2047 1186 2126 movit.¹
1216 2048 1266 2105 Ne
1294 2066 1362 2126 suas
1392 2046 1474 2123 quidm

449 2152 610 2210 simultates
624 2172 678 2227 pro
693 2154 865 2228 magistratu
881 2171 1015 2210 exercere
1030 2152 1098 2209 boni
1113 2126 1239 2229 altempli
1255 2170 1333 2224 asse;
1351 2153 1471 2211 alienam!

450 2278 520 2316 vero
549 2258 736 2316 simultatium
766 2259 911 2316 tribunum
942 2257 1035 2333 plebis
1066 2258 1245 2334 cognitorem
1269 2258 1346 2329 fieri,
1374 2261 1471 2333 turpat

420 2364 599 2439 diudignum
620 2364 735 2440 collegii
756 2363 817 2422 eius
838 2341 982 2439 potestate
1003 2372 1031 2419 at
1052 2364 1173 2422 sacratis
1194 2364 1309 2439 legibus
1331 2382 1397 2423 esse.
1432 2359 1468 2420 ss·

451 2490 595 2547 quemque
615 2471 721 2529 iudicio
744 2480 773 2527 et
794 2469 923 2527 homines
946 2470 1042 2528 odisse
1063 2480 1114 2529 aut
1135 2470 1256 2546 diligere
1278 2481 1307 2529 et
1325 2490 1370 2529 res
1382 2468 1466 2547 pmbttt

450 2589 500 2636 aut
521 2579 687 2654 improbare
708 2577 827 2646 debere,
848 2596 907 2633 non
930 2578 1054 2652 pendere
1078 2597 1114 2635 ex
1139 2577 1258 2634 alterius
1281 2577 1361 2634 vultu
1380 2594 1410 2633 ac
1424 2578 1465 2630 uctt
1505 2560 1510 2613 ἶ

449 2703 502 2741 uec
524 2685 610 2742 alieni
632 2681 783 2740 momentis
806 2681 895 2738 animi
916 2682 1082 2758 circumagi,
1103 2682 1333 2758 adstipularique
1350 2684 1463 2740 iratoccn
1501 2661 1510 2716 l

419 2778 505 2847 lsuli
526 2791 671 2846 tribunum
692 2788 787 2863 plebei
809 2798 846 2857 et,
869 2789 937 2862 quid
952 2790 1086 2864 privatim
1102 2790 1145 2849 M.
1159 2791 1299 2847 AEmilius
1321 2782 1461 2847 mandauit
1499 2781 1510 2820 ³·

450 2895 622 2964 meminisse,
644 2894 819 2951 tribunatum
842 2887 898 2950 sibi
920 2914 939 2951 a
960 2895 1067 2970 populo
1090 2897 1224 2953 Romano
1247 2896 1405 2953 mandatum
1420 2886 1460 2947 ott
1495 2886 1510 2925 ²

449 3001 535 3071 visci,
565 3011 592 3058 et
620 3001 785 3057 mandatum
809 3018 861 3074 pro
885 3001 993 3057 auxilio
1015 3019 1049 3057 ac
1070 3000 1204 3061 libertate
1225 3001 1409 3076 privatorum,
1428 3009 1459 3051 ⁰⁰⁰

419 3119 502 3183 5pro
528 3107 672 3164 consulari
693 3125 792 3181 reguo.
839 3107 887 3163 Ne
913 3108 969 3164 hoc
991 3107 1106 3181 quidem
1134 3125 1253 3164 cernere
1276 3128 1355 3178 eum,
1379 3104 1459 3173 toral
1493 3094 1510 3148 5

449 3214 595 3271 memoriae
620 3231 655 3270 ac
676 3213 838 3288 posteritati
860 3214 1021 3283 mandetur,
1044 3212 1171 3269 eiusdem
1199 3213 1315 3289 collegii
1344 3213 1459 3270 alternat
1492 3198 1510 3253 l'

449 3320 561 3377 duobus
590 3319 712 3376 tribunis
741 3319 832 3395 plebis
860 3338 928 3376 suas
957 3318 1121 3375 inimicitias
1144 3319 1292 3377 remisisse
1315 3318 1355 3376 rei
1374 3311 1458 3393 publia
1493 3306 1510 3361 ³!

418 3426 569 3490 6alterum
599 3426 708 3482 alienas
736 3435 765 3483 et
793 3422 946 3483 mandatas
968 3423 1140 3487 exercuisse,
1188 3425 1244 3483 His
1269 3426 1361 3483 victus
1380 3418 1458 3490 castig*
1508 3500 1510 3507 Α

447 3531 573 3589 tionibus
596 3532 725 3589 tribunus
749 3551 835 3606 quum
858 3531 965 3607 templo
988 3531 1171 3602 excessisset,
1193 3530 1337 3588 referente
1357 3529 1408 3590 Ser.
1422 3517 1458 3582 Sul
1493 3519 1510 3554 ⁴

418 3637 524 3712 7picio
553 3647 692 3712 praetore,
723 3638 885 3713 triumphus
906 3639 948 3695 M.
969 3637 1074 3694 Fulvio
1102 3646 1145 3693 est
1172 3637 1317 3699 decretus.
1363 3637 1390 3693 ls
1407 3640 1458 3705 quun

447 3743 557 3818 gratias
579 3743 709 3819 patribus
730 3743 900 3818 conscriptis
923 3742 1041 3817 egisset,
1073 3741 1193 3813 adiecit,
1223 3742 1310 3800 ludos
1334 3743 1459 3815 maguotll
1494 3725 1510 3762 κ

447 3849 513 3906 Iovi
534 3849 642 3923 optimo
661 3849 788 3907 maximo
804 3869 838 3907 eo
853 3849 910 3919 die,
932 3867 989 3922 quo
1010 3847 1201 3905 Ambraciam
1223 3851 1356 3925 cepisset,
1375 3840 1458 3902 vovbst
1494 3831 1510 3941 ἰ

446 3955 476 4011 in
502 3973 566 4011 eam
594 3973 654 4011 rem
683 3956 737 4013 sibi
765 3965 878 4014 centum
908 3937 1005 4030 pondi>
1035 3953 1098 4010 auri
1122 3971 1140 4010 a
1165 3953 1333 4013 civitatibus
1355 3951 1458 4012 cossum
1496 3964 1507 3975 ·

416 4063 558 4134 Spetcre,
586 4071 617 4116 ut
636 4080 729 4118 exea
749 4063 888 4138 pecunia,
910 4080 998 4136 quam
1020 4060 1049 4116 iu
1072 4060 1218 4135 triumpho
1240 4060 1331 4119 latam
1351 4059 1378 4117 in
1395 4047 1457 4113 crull
1495 4041 1510 4079 Ξ

415 4167 591 4241 9positurus
613 4177 696 4237 esset,
718 4167 748 4223 id
769 4187 870 4224 aurum
893 4165 1003 4223 secerni
1023 4165 1164 4225 iuberent.
1202 4166 1327 4226 Senatus
1341 4161 1458 4242 pontium

446 4272 597 4348 collegium
613 4273 723 4331 consuli
737 4273 830 4344 iussit,
850 4291 920 4330 num
936 4291 1021 4330 omna
1041 4271 1072 4329 id
1093 4290 1197 4330 aurum
1218 4272 1249 4330 in
1271 4272 1353 4330 ludos
1372 4252 1457 4329 consutl
1495 4253 1510 4291 ¹
