3484 5025
563 1536 752 1621 LIBER
795 1537 1009 1619 XXXlV.

274 1920 340 1972 uter
354 1908 497 1968 bellorum
508 1926 678 1984 magnorum
694 1917 745 1967 sut
755 1908 875 1968 vixdum
885 1910 1029 1967 finitorum
1040 1916 1092 1966 ant
1104 1907 1310 1968 imminentium

274 2036 339 2080 uras
361 2013 523 2074 intercessit
544 2032 591 2072 res
611 2033 705 2090 parva
725 2015 818 2087 dictu,
844 2016 896 2075 sed
919 2034 982 2090 quae
1001 2014 1104 2074 studiis
1124 2014 1153 2071 in
1175 2031 1310 2089 magnum

274 2134 403 2186 mtamen
434 2120 596 2178 excesserit.
650 2120 693 2179 M.
721 2121 890 2180 Fundanius
920 2130 950 2180 et
978 2121 1014 2183 L.
1042 2120 1175 2178 Valerius
1205 2118 1340 2178 tribuui2

274 2230 331 2289 labi
353 2228 394 2288 ad
415 2228 527 2304 plebem
547 2226 672 2285 tulerunt
692 2226 728 2285 de
751 2226 848 2304 Oppia
869 2228 934 2303 lege
956 2226 1133 2303 abroganda.
1190 2224 1340 2283 Tulerat3

274 2355 317 2396 am
350 2336 396 2395 M.
427 2332 539 2409 Oppius
572 2332 703 2390 tribum
733 2333 825 2409 plebis
854 2333 892 2408 Q.
921 2333 1033 2404 Fabio,
1062 2332 1109 2394 Ti.
1139 2331 1310 2407 Sempronio

274 2438 493 2525 ansulibnspin
513 2438 607 2496 medio
629 2438 733 2496 ardore
754 2439 857 2497 Punici
877 2439 959 2512 belli,
989 2458 1026 2497 ne
1047 2457 1106 2515 qua
1125 2437 1226 2498 mulier
1246 2436 1311 2514 plus

274 2546 433 2607 anuneiam
465 2545 529 2602 auri
554 2546 674 2603 haberet
700 2564 753 2604 nec
783 2547 953 2604 vestimentu
981 2545 1148 2605 versicolori
1175 2554 1310 2614 uteretur,

274 2672 309 2717 aa
332 2653 433 2711 iuncto
454 2650 585 2709 vehiculo
613 2650 643 2707 in
661 2652 732 2708 urbe
756 2652 900 2728 oppidove
927 2664 978 2713 sut
1003 2652 1122 2729 propius
1147 2652 1214 2711 inde
1235 2651 1311 2710 mille

274 2776 368 2828 asmo,
388 2756 445 2814 nisi
464 2773 613 2814 sacrorum
633 2756 813 2832 publicorum
834 2775 932 2830 causa,
953 2759 1112 2821 veheretur.
1160 2759 1203 2818 M.
1226 2764 1254 2817 et
1274 2757 1342 2815 Rs

274 2865 332 2925 unii
349 2862 436 2922 Bruti
461 2862 568 2921 tribuni
593 2862 685 2938 plebis
712 2862 805 2940 legem
827 2861 952 2939 Oppiam
980 2866 1133 2925 urebantur
1165 2883 1218 2922 nec
1246 2882 1309 2922 eam

274 2989 290 3031 a
302 2968 442 3045 abrogari
455 2986 593 3044 passuros
605 2968 730 3028 aiebant.
769 2970 819 3029 Ad
835 2971 1013 3029 suadendum
1033 2970 1312 3045 dissuadendumque

274 3074 339 3135 sulti
358 3073 469 3132 nobiles
490 3073 658 3149 prodibant3
686 3073 860 3150 Capitolium
883 3079 969 3136 turba
988 3077 1135 3136 homiuum
1153 3073 1310 3134 faventium

274 3180 530 3254 sdversantiumque
538 3179 596 3256 legi
605 3180 811 3256 complebatur.
836 3182 979 3239 Matrona
989 3181 1067 3239 nulla
1076 3161 1132 3239 neri
1140 3176 1342 3237 auctoritate5

274 3304 313 3345 rec
330 3285 501 3345 verecundia
521 3304 574 3343 nec
596 3286 717 3363 imperio
738 3285 864 3345 virorum
887 3288 1025 3347 contineri
1046 3287 1144 3344 limine
1161 3292 1310 3361 pateream

274 3408 358 3451 omnes
385 3391 449 3450 vias
476 3391 556 3449 urbis
583 3392 735 3468 aditusque
762 3392 792 3450 in
816 3392 911 3451 forum
934 3391 1119 3463 obsidebant,
1149 3391 1227 3448 viros
1259 3390 1310 3450 de·

275 3498 422 3556 studentes
442 3496 482 3555 ad
501 3495 597 3555 iorum
619 3506 745 3579 orantes,
767 3506 808 3570 ut,
828 3499 950 3557 florente
969 3516 1002 3556 re
1022 3497 1146 3574 publica,
1167 3503 1311 3555 crescente

277 3597 374 3660 'udies
399 3603 515 3679 privata
541 3602 668 3661 omnium
694 3601 828 3672 fortuna,
860 3604 999 3661 matronis
1023 3621 1138 3680 quoque
1159 3600 1308 3679 pristinum

281 3716 390 3766 undum
405 3708 488 3767 reddi
503 3716 679 3784 paterentur.
726 3709 900 3784 Augebatur
913 3711 975 3769 haec
988 3709 1150 3785 frequentia
1159 3708 1309 3767 mulierum
1322 3711 1340 3766 6

283 3806 388 3885 adim
417 3834 485 3873 nam
516 3814 602 3871 stiam
627 3833 664 3872 ex
685 3814 799 3890 oppidis
820 3815 1073 3892 conciliabulisque
1093 3815 1309 3873 conveniebant

286 3909 330 3972 ltu
344 3929 369 3976 et
382 3919 512 3978 consules
529 3929 725 3995 praetoresque
739 3929 768 3978 et
782 3921 855 3979 alios
867 3920 1050 3996 magistratus
1068 3921 1148 3980 adire
1163 3930 1192 3979 et
1206 3939 1310 3997 rogare
1323 3923 1339 3976 7

287 4020 415 4097 ludebant3
435 4035 561 4084 ceterum
578 4026 694 4084 minime
713 4027 888 4086 exorabilem
902 4026 1023 4088 alterum
1041 4029 1141 4104 utique
1155 4027 1310 4099 consulem,

288 4117 441 4234 blaseium
452 4129 606 4204 Catonem,
628 4133 784 4206 habebant,
807 4133 857 4209 qui
873 4133 1013 4210 prolege,
1029 4152 1094 4209 quo
1104 4134 1310 4209 sbrogtbfflts

288 4231 317 4284 tt
329 4232 456 4298 beetur
