3484 5025
595 501 746 555 Liberxn.
778 502 906 566 (Ache
929 502 997 567 181.)
1033 507 1036 514 ’
1236 506 1295 562 239
1379 562 1385 586 ‚

268 707 336 763 qua
359 688 453 762 prima
476 672 610 745 omnium'
631 687 662 743 in
681 687 771 744 ltalia
801 695 844 745 est
866 694 975 744 statuta
1004 694 1122 759 aurata,
1150 688 1241 762 patris
1263 686 1337 747 Gla-

268 794 381 851 brionis
393 792 499 868 posuit.
526 793 556 849 Is
568 799 640 862 crat,
660 792 710 866 qui
725 793 788 867 ipse
804 811 867 849 eam
888 792 978 849 sedern
992 800 1123 863 voverat,
1143 811 1200 867 quo
1214 792 1260 849 die
1272 811 1335 849 cum
1350 802 1367 857 6

267 917 340 973 rege
362 898 510 955 Antiocho
535 897 573 953 ad
594 880 807 973 Thermopylas
830 879 1026 974 depugnatum
1049 906 1109 968 est,
1130 898 1337 972 locaveratque

268 1004 347 1061 idem
370 1024 407 1061 ex
428 993 545 1060 senatus
567 1001 708 1059 consulto.

355 1109 415 1165 Per
428 1110 545 1166 eosdem
560 1108 631 1179 dies,
654 1107 759 1181 quibus
779 1107 856 1165 ades
877 1110 922 1165 bae
938 1108 1077 1167 dedicata
1091 1118 1167 1180 sunt,
1189 1110 1223 1169 L.
1240 1108 1369 1167 AEmi·2
1387 1171 1394 1185 ,

269 1213 327 1270 lius
360 1213 471 1270 Paulus
506 1212 663 1289 proconsul
697 1232 734 1270 ex
770 1214 926 1288 Liguribus
962 1214 1102 1289 Ingaunis
1138 1214 1336 1289 triumphavit.

270 1319 435 1377 Transtulit
461 1338 584 1377 coronas
615 1336 719 1375 aureas
749 1319 876 1392 quinque
908 1328 936 1376 et
968 1312 1086 1394 viginti,
1118 1336 1170 1377 nec
1198 1324 1368 1395 praeterea8

267 1408 428 1499 ‘quicquam
452 1424 514 1482 auri
530 1423 699 1498 argentique
719 1423 748 1479 in
771 1442 806 1480 eo
828 1424 975 1498 triumpho
998 1425 1105 1495 latum3
1127 1426 1235 1501 captivi
1257 1425 1338 1482 multi

271 1529 417 1604 principes
440 1529 580 1605 Ligurum
609 1537 675 1586 ante
697 1546 811 1585 currum
835 1528 928 1599 ducti;
960 1530 1025 1587 seris
1047 1538 1179 1588 trecenos
1201 1530 1338 1588 militibus

271 1634 380 1692 divisit.
415 1638 570 1692 Auxerunt
594 1634 656 1691 eius
676 1633 813 1707 triumphi
834 1632 944 1690 famam
969 1635 1058 1710 legati
1074 1636 1213 1711 Ligurum
1236 1642 1368 1711 pacemt)

271 1750 442 1815 perpetuam
467 1749 600 1797 orantes:
624 1740 663 1796 ita
685 1739 714 1795 in
737 1739 865 1795 animum
888 1739 1036 1797 induxisse
1052 1740 1191 1815 Ligurum
1214 1749 1338 1815 gentem,

272 1846 354 1902 nulla
378 1864 505 1919 unquam
531 1864 613 1902 arma
641 1844 697 1901 nisi
720 1844 864 1918 imperata
887 1845 1036 1919 ulpopulo
1061 1847 1196 1903 Romano
1217 1864 1338 1905 sumere.

271 1953 456 2027 Responsum
484 1971 503 2009 a
526 1950 563 2024 Q.
586 1950 688 2008 Fabio·
707 1958 831 2024 praetore
854 1956 898 2004 est
920 1949 1077 2023 Liguribus
1103 1952 1182 2008 iussu
1212 1961 1339 2024 senatus,
1356 1959 1391 2014 10

273 2056 436 2135 orationem
461 2075 525 2113 eam
549 2074 607 2112 non
623 2072 728 2111 novam
745 2054 902 2128 Liguribus
925 2074 997 2126 esse,
1021 2075 1101 2113 mens
1123 2075 1193 2113 vero
1216 2065 1247 2113 ut
1261 2074 1340 2113 nova

272 2171 302 2221 et
322 2162 448 2219 orationi
469 2162 641 2219 conveniens
664 2169 756 2228 esset,
778 2160 907 2234 ipsorum
930 2160 960 2216 id
981 2160 1136 2236 plurimum
1158 2160 1279 2231 referre3
1302 2162 1339 2218 ad
1356 2166 1386 2220 ll

271 2266 406 2324 consules
427 2267 502 2324 irent
524 2274 571 2336 et,
602 2283 666 2339 quae
688 2263 782 2321 abiis
804 2262 949 2338 imperata
970 2274 1080 2338 essent,
1104 2266 1246 2336 facerent3
1269 2267 1340 2324 nulli

272 2372 324 2429 alii
338 2358 436 2446 'quam
461 2369 626 2429 consulibus
648 2379 781 2426 senatum
803 2369 978 2427 crediturum
1003 2389 1076 2442 esse,
1098 2372 1211 2432 sincera
1232 2372 1289 2429 fide
1309 2372 1341 2429 in

269 2494 346 2554 pace
361 2476 483 2552 Ligures
499 2494 570 2534 esse.
611 2477 678 2534 Pax
692 2475 723 2532 in
739 2474 896 2550 Liguribus
920 2473 984 2534 fuit.
1025 2478 1062 2535 Iu
1086 2476 1206 2537 Corsica
1215 2496 1341 2554 ,pugna-
1356 2459 1391 2538 l2

270 2591 333 2639 tum
364 2600 429 2639 cum
452 2579 561 2638 Corsis.
610 2581 660 2637 Ad
688 2581 745 2638 duo
768 2581 859 2638 millia
886 2600 986 2639 eorum
1008 2583 1051 2640 M.
1073 2583 1209 2668 Pinarius
1235 2593 1342 2659 prator

271 2687 303 2744 in
328 2686 389 2744 acie
411 2687 531 2757 occidit,
562 2703 619 2760 qua
641 2686 725 2743 clade
745 2687 889 2762 compulsi
911 2687 1027 2767 obsides
1050 2688 1190 2745 dederunt
1216 2695 1244 2744 et
1267 2706 1341 2745 cerae

272 2801 388 2850 centum
412 2791 501 2848 millia
522 2793 629 2866 pondo.
672 2792 744 2849 Inde
765 2791 794 2848 in
817 2793 983 2851 Sardiniam
1006 2793 1148 2850 exercitus
1171 2794 1289 2865 ductus,
1312 2801 1341 2851 et
1356 2793 1391 2849 ts

271 2916 339 2956 cum
364 2897 533 2968 Iliensibus,
565 2906 651 2972 gente
682 2916 833 2970 negnunc
854 2899 970 2973 quidem
995 2899 1083 2967 ‚omui
1115 2900 1198 2974 parte
1225 2908 1341 2975 pacata,

272 3004 403 3062 secunda
423 3002 526 3079 proelia
546 3001 635 3059 facta.
684 2994 973 3078 Carthaginiensibus
996 3006 1097 3063 eodem
1128 3024 1205 3063 anno
1227 3005 1341 3064 centum
1359 3008 1393 3063 14

275 3109 393 3167 obsides
422 3107 540 3178 redditi,
568 3125 729 3183 pacemque
757 3108 792 3166 iis
821 3109 947 3184 populus
976 3112 1127 3168 Romanus
1156 3120 1215 3168 non
1244 3113 1291 3172 ab,
1311 3129 1342 3168 se

272 3224 399 3286 tantum,
419 3215 471 3271 sed
486 3215 523 3271 ab
538 3231 606 3288 rege
622 3214 707 3270 etiam
724 3213 881 3271 Masinissa
897 3215 1039 3290 praestitit,
1062 3215 1191 3288 quicum
1207 3215 1342 3290 praesidio

275 3329 392 3378 armato
417 3338 529 3395 agrum,
552 3319 651 3392 quiin
672 3319 966 3391 controversiaerat,
982 3305 1148 3379 obtinebat.

361 3423 494 3482 Otiosam
509 3423 690 3498 provinciam
705 3423 838 3481 consules
853 3426 1026 3484 habuerunt.
1063 3427 1104 3483 M.
1122 3426 1238 3483 Baebius
1255 3425 1343 3482 comi·
1397 3423 1437 3494 35

274 3531 382 3587 tiorum
412 3547 501 3585 causa
528 3530 653 3586 Romam
683 3538 837 3586 revocatus
864 3531 997 3588 consules
1032 3532 1140 3589 creavit
1171 3534 1210 3592 A.
1235 3532 1343 3587 Postu·
1391 3516 1392 3519 ¹

275 3631 367 3690 mium
389 3633 529 3691 Albinum
548 3634 674 3691 Luscum
697 3641 726 3690 et
747 3633 781 3692 O.
798 3632 988 3711 Calpurnium
1011 3638 1158 3695 Pisonem.
1197 3638 1373 3700 Praetores2

279 3732 386 3796 exinde
406 3738 478 3812 facti
500 3738 547 3795 Ti.
564 3738 752 3813 Sempronius
774 3739 936 3813 Gracchus,
961 3745 995 3801 L.
1018 3743 1186 3800 Postumius
1209 3740 1343 3810 Albinus,

278 3845 315 3901 P.
339 3842 490 3901 Cornelius
513 3843 683 3914 Mammula,
706 3844 753 3902 Ti.
777 3847 922 3904 Minucius
946 3846 1122 3916 Molliculus,
1146 3849 1183 3907 A.
1199 3845 1343 3903 Hostilius

278 3950 447 4019 Mancinus,
480 3946 513 4007 Ο.
537 3949 669 4011 Maenius.
718 3952 744 4008 li
765 3971 865 4009 omnes
887 3952 1089 4026 magistratum
1111 3952 1206 4010 idibus
1231 3950 1344 4009 Martiis

278 4054 413 4116 inierunt.
474 4092 476 4094 v

362 4160 511 4236 Principio
533 4160 594 4218 eius
616 4160 694 4231 anni,
716 4179 773 4240 quo
789 4161 829 4221 A.
844 4161 1012 4218 Postumius
1028 4161 1153 4218 Albinus
1176 4171 1204 4218 et
1226 4159 1259 4218 O.
1277 4157 1377 4226 Cal-3

281 4266 401 4340 purnius
430 4266 501 4323 Piso
530 4266 663 4327 consules
691 4264 823 4337 fuerunt,
853 4267 891 4323 ab
919 4268 959 4328 A.
988 4267 1139 4324 Postumio
1167 4264 1284 4322 consule
1315 4263 1345 4321 in
1360 4251 1391 4372 ἑ
1401 4251 1517 4370 8110]ῧῦῗᾶ
