3484 5025
437 522 496 578 254
731 517 810 569 mter
821 517 879 568 11..
916 517 1124 583 (Auctio.)

394 704 537 764 lecet-unte
586 704 713 780 Lepidus
750 703 855 761 molem
889 700 928 760 ed
956 704 1166 773 'l'erreciuem‚
1201 700 1351 779 hgruum
1377 720 1447 779 opus,

395 810 472 884 qnod
501 810 612 886 predic
638 812 766 868 hebebot
791 810 833 868 ibi
860 810 1064 886 privatumque
1083 810 1214 885 publice
1233 810 1278 867 rei
1301 809 1447 885 impensem

366 914 571 985 diuserueret3
601 916 744 973 theatrum
767 926 797 973 et
816 915 999 993 proscenium
1020 916 1060 973 ed
1081 915 1246 991 Apollinis,
1266 916 1359 973 sedem
1381 915 1448 973 Iuris

395 1020 425 1077 iu
439 1019 595 1097 Capitolio,
611 1022 819 1097 columnasque
833 1021 912 1079 circs
924 1020 1077 1097 poliendus
1090 1021 1162 1079 elbo
1172 1021 1302 1091 ἰσωνίας
1323 1032 1353 1078 et
1366 1021 1401 1078 eb
1412 1021 1446 1077 lis

395 1126 544 1197 colomnis,
560 1147 625 1203 qous
638 1128 821 1186 incommode
834 1127 971 1203 opposite
981 1127 1164 1197 videbuntur,
1180 1128 1270 1203 signe
1276 1128 1396 1195 emovit,
1405 1128 1446 1183 rii·

304 1228 307 1236 ¹
394 1250 508 1306 pesque
519 1232 556 1290 ds
569 1234 709 1292 columnis
720 1244 749 1291 st
759 1233 844 1310 signe
856 1232 992 1290 militerie
998 1231 1088 1290 nfflxa
1095 1233 1195 1291 omnis
1202 1234 1322 1309 generis
1330 1235 1445 1310 dempsit

364 1347 380 1399 s
394 1338 437 1396 Μ.
444 1337 565 1395 Fulvius
572 1340 657 1414 plois
665 1349 694 1398 et
702 1340 820 1397 maioris
834 1339 942 1398 locevit
955 1356 1038 1396 osus:
1052 1348 1171 1415 portum
1188 1349 1220 1396 et
1233 1339 1313 1415 pilos
1327 1341 1415 1417 pontis
1423 1342 1444 1397 iu

394 1442 505 1513 Tiberi,
519 1444 623 1518 quibus
635 1444 702 1521 pilis
713 1443 839 1503 fornices
851 1456 919 1521 post
927 1444 1444 1521 nequamneuasnpiusnim

364 1557 380 1609 5
394 1557 423 1605 et
438 1549 471 1609 L.
484 1550 641 1608 Mummius
654 1568 790 1608 censores
803 1550 974 1609 loceuermt
985 1550 1196 1626 inponendum
1218 1551 1372 1610 basilicum
1392 1562 1444 1628 post

394 1656 573 1730 urgenteriee
595 1675 687 1714 noves
709 1666 743 1714 st.
758 1656 854 1715 iorum
875 1657 1077 1733 piscatorium,
1105 1656 1301 1715 circumdetis
1323 1659 1442 1724 “bernis

363 1769 380 1823 6
394 1778 467 1835 quse
482 1761 611 1819 verididit
623 1762 654 1820 in
668 1763 826 1839 privetum3
843 1760 888 1839 [et
901 1760 1021 1840 lorum]
1036 1773 1065 1819 st
1079 1763 1226 1837 porticum
1242 1775 1334 1822 extre
1345 1777 1441 1840 purten

393 1867 606 1942 Trigeminam,
633 1880 662 1927 et
682 1868 769 1925 elium
791 1880 861 1943 post
880 1867 999 1925 usvelis
1019 1879 1050 1925 et
1071 1868 1111 1925 ed
1131 1866 1236 1926 fenum
1262 1871 1404 1939 Herculis,
1421 1882 1443 1927 et

362 1983 459 2047 tpost
481 1972 551 2048 Spei
572 1994 591 2032 e
607 1943 708 2033 Titini
727 1976 769 2031 ed
788 1975 878 2032 sedem
893 1974 1038 2050 Apollinis
1062 1973 1176 2033 medici.
1214 1974 1360 2033 Hehuere
1378 1977 1442 2033 etin

390 2079 556 2153 promiscuo
590 2092 730 2164 preter-es
761 2080 929 2157 pecuniam
960 2099 998 2138 ex
1028 2097 1065 2137 ee
1093 2081 1293 2138 communiter
1327 2080 1442 2139 locarunt

376 2181 497 2261 'equum
520 2187 718 2244 adducendum
740 2187 924 2261 fornicesque
939 2186 1098 2245 iaciendos.
1119 2186 1356 2261 impedimento
1374 2188 1443 2264 operi

389 2288 445 2347 fuit
466 2293 508 2352 M.
530 2292 658 2351 Licinius
679 2291 812 2364 Croesus,
841 2294 891 2369 qui
911 2312 965 2369 per
986 2293 1108 2351 fundum
1130 2295 1225 2349 soom'
1241 2292 1314 2352 duci
1335 2307 1443 2352 nonest

361 2394 502 2472 spossus.
537 2399 676 2457 Portorie
690 2418 807 2474 quoquo
821 2411 850 2457 et
863 2399 1018 2475 vectigalis
1030 2398 1117 2456 iidem'
1139 2399 1235 2456 multe
1258 2399 1441 2458 institueram

392 2500 551 2579 Complura
592 2504 698 2562 socelle
738 2506 913 2582 publiceque
956 2505 1052 2574 locs.
1085 2515 1232 2580 occupate
1270 2526 1290 2563 e
1326 2508 1443 2584 privetis,

390 2609 508 2682 publice
542 2628 684 2685 meroque
718 2623 750 2668 ut
783 2623 880 2669 essent
914 2622 1101 2687 peterentque
1136 2613 1271 2686 populo,
1310 2624 1441 2671 curarunt.

360 2715 541 2778 9Mntorunt
572 2714 726 2791 suffragiu,
757 2716 987 2791 regionatimque
1015 2717 1168 2791 generibus
1200 2719 1356 2775 hominum
1384 2735 1441 2774 osu·

297 2819 337 2890 52
390 2820 488 2895 sisque
517 2821 733 2897 et'quaeetibus
759 2823 850 2881 tribus
879 2821 1098 2897 descripserunt
1148 2823 1190 2880 Et
1220 2824 1300 2881 ulter
1327 2843 1363 2882 ex
1387 2843 1441 2880 cen·

390 2926 504 2984 soribus
519 2928 560 2985 Μ.
576 2929 716 2987 AEmssins
736 2929 819 3005 petiit
841 2930 879 2986 ob
893 2939 1005 2998 ceneto,
1026 2936 1058 2984 ut
1075 2925 1129 2984 sibi
1151 2928 1350 3011 dedicationis
1370 2948 1441 2987 cusu

389 3033 561 3108 templorum
582 3036 689 3110 reginoe
704 3035 822 3093 Iunonis
844 3043 874 3091 et
890 3034 1003 3103 Disce,
1025 3052 1089 3107 qum
1110 3012 1187 3090 hello
1208 3035 1366 3110 Ligustino
1386 3045 1441 3090 eote

358 3139 472 3202 2snuis
498 3149 565 3196 octo
591 3141 734 3211 vovisset,
760 3140 882 3217 pecunie
910 3140 948 3198 sd
969 3139 1054 3196 ludos
1074 3138 1293 3199 decerneretur.
1343 3140 1440 3217 Viginti

388 3244 478 3302 millia
509 3245 573 3302 sen's
605 3246 799 3305 decreverunt.
847 3246 1003 3304 Dedicovit
1030 3263 1080 3302 ess
1108 3245 1203 3318 odes,
1234 3257 1392 3323 utromque
1416 3248 1439 3303 iu

358 3351 465 3414 3circo
489 3352 649 3422 Flsminio‚
682 3352 823 3426 ludosque
848 3353 979 3409 scenicos
1000 3351 1124 3409 triduum
1146 3364 1216 3428 post
1236 3353 1438 3412 dedicationem

388 3456 488 3531 templi
508 3458 642 3529 Iunonis,
671 3459 787 3517 biduum
810 3468 878 3532 post
898 3458 1017 3528 Diome,
1045 3468 1074 3540 st
1094 3457 1225 3534 singulos
1248 3458 1314 3517 dies
1335 3459 1438 3518 feeitiu

357 3561 474 3624 dcirco.
521 3563 600 3620 Idem
628 3562 772 3620 dedicavit
801 3563 891 3621 sedem
914 3564 1033 3622 Larium
1054 3564 1260 3622 Permsrinum
1285 3565 1316 3622 iu
1337 3583 1438 3640 compo.

387 3667 519 3726 Voverst
539 3689 604 3726 eam
626 3669 714 3726 suuis
730 3669 862 3727 undecim
886 3680 953 3726 ante
975 3671 1009 3728 L.
1030 3668 1168 3730 AEmilius
1192 3672 1328 3747 Regillus
1352 3670 1439 3728 nsvuli

356 3773 487 3848 5proslio
522 3777 661 3833 adversus
697 3775 848 3850 praefectos
883 3775 960 3850 regis
995 3776 1142 3834 Antiochi.
1211 3776 1314 3852 Supre
1347 3777 1438 3833 velvet

385 3880 484 3956 templi
513 3883 614 3939 tebnle
643 3899 707 3939 cum
735 3881 820 3938 titulo
841 3882 897 3938 hoc
917 3883 977 3938 fixe
998 3891 1054 3938 est:
1098 3881 1226 3951 „Duello
1249 3901 1358 3958 mogon
1378 3881 1437 3938 diri·

384 3987 499 4057 mendc‚
519 3988 635 4062 regibus
648 3987 823 4063 subigendis,
843 3982 861 4017 ¹*
876 3996 964 4062 ceput
985 3985 1135 4062 potrsndae
1154 3987 1238 4061 pecie
1261 3989 1301 4045 sd
1321 4005 1435 4064 pugnent

385 4093 500 4149 exeunti
535 4094 570 4154 1..
597 4095 720 4151 AEmilio
747 4096 788 4154 M.
815 4093 929 4150 AEmilii
967 4093 1026 4150 filio
1058 4094 1095 4129 *⁴*
1127 4093 1279 4167 suspicio,
1318 4093 1435 4170 imperio,

383 4198 520 4256 felicitate
551 4201 696 4274 ductuque
730 4201 792 4257 eius
823 4201 899 4257 iuter
925 4201 1087 4275 Ephesum.
1122 4200 1244 4258 Samum
1277 4199 1434 4273 Chiumque.

351 4304 560 4380 dinspectante
589 4322 676 4380 eopse
698 4307 845 4364 Antiocho
869 4324 930 4364 oum
956 4305 1083 4363 exercito
1105 4306 1202 4376 omni,
1235 4305 1367 4380 equitetn
1387 4302 1434 4360 els-
