3484 5025
467 507 524 564 142
696 503 775 554 Liber
795 501 951 555 XXXVIII.
988 504 1036 567 (A.
1056 520 1081 555 u.
1102 520 1125 554 o.
1146 504 1223 569 Ml.)

422 689 558 748 inferiore
579 690 701 765 pedibus
723 709 804 766 pene
832 688 958 746 hostium
983 688 1073 746 aciem
1100 689 1239 749 subiecit,
1280 690 1323 751 Ut
1349 708 1406 747 non
1433 691 1479 748 tals

423 816 460 853 ex
481 795 630 872 superiore
651 797 717 853 loco
739 795 902 866 mitterent,
933 795 985 851 sed
1002 787 1132 871 'corpora
1153 813 1208 853 sua
1231 794 1312 853 nuda
1334 795 1478 867 iniicercnt,

392 904 547 961 tobruere
567 919 621 957 nos
646 910 812 978 potuerunt.
854 901 931 973 Quid
960 900 1048 976 igitur
1077 900 1198 959 incidit?
1244 902 1359 978 Magna
1377 902 1480 961 furtum

423 1008 523 1084 populi
555 1008 681 1066 Romani
713 1018 773 1077 est,
814 1025 951 1082 magnum
979 1017 1008 1064 et
1039 1006 1188 1064 terribiles
1200 1025 1321 1066 nomen.
1375 1007 1480 1066 Recenti

423 1115 509 1172 ruina
542 1114 733 1185 Hannibalis,
766 1112 911 1188 Philippi,
952 1112 1092 1171 Antiochi
1123 1132 1217 1189 prope
1251 1114 1371 1171 attoniti
1401 1125 1479 1171 erant

424 1222 527 1278 Tantae
548 1240 701 1297 corporum
725 1219 815 1277 moles
836 1217 932 1276 fundis
944 1219 1113 1293 sagittisque
1134 1220 1164 1277 in
1185 1219 1289 1295 fugam
1303 1228 1481 1278 consternatae

377 1332 503 1410 dsunt3
539 1326 654 1402 gladius
675 1326 705 1383 in
727 1326 788 1382 acie
812 1333 977 1381 cruentatus
1000 1344 1057 1381 non
1079 1336 1123 1383 est
1144 1325 1265 1384 Gallico
1287 1326 1382 1395 bello;
1414 1326 1480 1383 velut

392 1432 519 1493 devium
542 1432 677 1490 examina
693 1433 730 1489 ad
753 1430 892 1507 crepitum
915 1430 1038 1505 primum
1061 1432 1213 1489 missilium
1237 1432 1407 1491 evolavere.
1446 1434 1479 1489 At

421 1537 537 1596 hercule
567 1538 653 1595 iidem
685 1555 739 1595 nos
768 1538 915 1609 (monente
943 1535 1076 1607 fortuna,
1103 1538 1182 1611 quid,
1214 1538 1241 1595 si
1262 1539 1380 1597 hostem
1400 1540 1477 1597 habu·

422 1646 553 1715 issemus,
574 1663 707 1701 casurum
730 1642 843 1715 fuisset)
865 1662 953 1717 quum
975 1642 1127 1700 redeuntes
1148 1643 1178 1700 in
1196 1643 1382 1701 latrunculos
1396 1646 1475 1702 Thra·

392 1765 472 1817 teas
493 1750 701 1818 incidissemus,
730 1750 805 1815 coesi,
831 1748 934 1824 fugati,
965 1749 1042 1805 exuti
1064 1748 1280 1823 impedimentis
1300 1769 1409 1808 sumus.
1446 1750 1472 1823 Q

243 1889 253 1912 t
353 1900 356 1924 2
423 1858 567 1914 Minucius
578 1858 733 1924 Thermus,
755 1855 784 1912 in
806 1874 864 1931 quo
886 1855 965 1913 haud
987 1854 1075 1929 paulo
1100 1853 1165 1930 plus
1187 1855 1290 1912 damni
1305 1855 1412 1915 lactum
1430 1866 1471 1925 est

423 1982 510 2039 quam
534 1963 559 2020 si
582 1962 636 2021 Cn.
658 1962 804 2032 Manlius,
834 1962 915 2018 cuius
949 1960 1110 2018 temeritate
1141 1980 1177 2017 eu
1210 1961 1312 2019 clades
1341 1963 1469 2030 inciderat,

331 2091 334 2099 ¹
390 2069 558 2144 8perisset,
590 2088 655 2126 cum
684 2067 780 2125 multis
810 2068 879 2125 viris
909 2066 1034 2124 fortibus
1067 2067 1182 2137 cecidit3
1216 2058 1365 2127 ‘exercitus
1392 2069 1468 2144 spolia

422 2175 499 2251 regis
531 2175 670 2233 Antiochi
701 2173 828 2232 referens
860 2171 1002 2230 trifariam
1035 2154 1207 2248 dissipatus,
1248 2175 1323 2233 alibi
1354 2176 1466 2251 primunt,

423 2282 491 2339 alibi
513 2294 691 2357 postremum
709 2299 831 2355 agmen,
864 2279 933 2337 alibi
961 2279 1182 2354 impedimenta,
1217 2280 1295 2339 inter
1324 2300 1420 2358 vepres
1443 2281 1464 2337 in

390 2388 539 2457 9latebris
566 2387 692 2445 ferarum
722 2396 834 2442 noctem
865 2404 952 2442 unam
980 2384 1101 2445 delituit.
1155 2387 1217 2444 Pro
1246 2388 1293 2446 his
1324 2389 1463 2463 triumphus

421 2493 548 2571 petitur?
590 2493 622 2554 Si
644 2493 714 2550 nihil
735 2492 905 2550 inThracia
926 2492 1017 2550 cladis
1039 2492 1262 2569 ignominiaque
1285 2494 1361 2553 foret
1381 2514 1462 2568 accep

421 2612 491 2672 tum,
514 2603 549 2658 de
572 2601 675 2675 quibus
697 2601 827 2657 hostibus
848 2599 1025 2673 triumphum
1048 2599 1191 2675 peteres?
1226 2601 1274 2657 De
1297 2602 1342 2671 iis,
1366 2610 1395 2658 ut
1413 2600 1462 2675 opi·

421 2727 489 2776 nor,
523 2725 596 2780 quos
618 2706 670 2763 tibi
696 2707 794 2762 hostes
815 2716 933 2762 senatus
955 2715 1005 2763 aut
1021 2705 1151 2782 populus
1172 2707 1327 2763 Romanus
1350 2707 1462 2764 dedisset

373 2817 409 2870 tu
422 2813 471 2870 Sic
492 2812 558 2868 huic
581 2812 614 2871 L.
638 2811 779 2886 Scipioni,
797 2811 838 2869 sic
860 2812 899 2868 illi
923 2807 972 2870 Μ’.
996 2811 1091 2870 Acilio
1114 2813 1149 2869 de
1171 2832 1241 2888 rege
1263 2814 1416 2881 Antiocho,
1433 2810 1462 2868 sit

422 2919 599 2992 pauloante
620 2919 657 2977 T.
682 2916 816 2989 Quinctio
839 2917 877 2972 de
898 2935 967 2991 rege
989 2917 1133 2992 Philippo,
1160 2918 1202 2976 sic
1224 2919 1259 2978 P.
1284 2919 1420 2978 Africano
1437 2917 1462 2973 de

373 3029 404 3082 ll
423 3023 588 3080 Hannibale
610 3034 639 3080 et
660 3024 758 3081 Poenis
783 3034 812 3080 et·
830 3023 964 3099 Syphace
986 3023 1146 3098 triumphus
1169 3024 1266 3083 datus.
1307 3026 1347 3084 Et
1367 3025 1462 3081 minius

422 3131 481 3199 illa,
504 3150 590 3204 quum
614 3130 672 3186 iam
695 3140 811 3185 senatus
834 3128 992 3184 censuisset
1006 3129 1122 3199 hellam,
1145 3132 1268 3204 quaesita
1290 3141 1387 3189 tamen
1406 3136 1463 3195 sunt,

423 3235 527 3311 quibus
549 3235 736 3292 nuntiandum
760 3247 850 3291 esset:
879 3234 950 3310 ipsis
973 3235 1072 3309 utique
1092 3236 1209 3310 regibus
1232 3239 1417 3307 nuntiaretur,
1437 3252 1463 3290 an

373 3343 492 3410 12satis
527 3354 602 3399 esset
632 3343 669 3398 ad
700 3342 862 3416 praesidium
892 3341 1009 3415 aliquod
1031 3342 1166 3402 nuntiari.
1210 3343 1311 3400 Vultis
1332 3363 1399 3420 ergo
1418 3343 1464 3400 hee

423 3448 521 3504 omnia
542 3448 632 3522 pollui
654 3459 682 3504 et
704 3447 849 3517 confundi,
871 3447 932 3503 tolli
949 3446 1059 3504 fetialia
1076 3448 1149 3517 iura,
1170 3448 1266 3505 nullos
1279 3467 1344 3506 csse
1355 3442 1464 3507 fetiales?

423 3553 491 3609 Fiat
514 3555 598 3627 (pace
620 3554 703 3608 deum
727 3553 861 3624 dlxerim)
892 3554 1004 3610 iactura
1031 3553 1194 3629 religionis,
1229 3555 1340 3612 oblivio
1365 3556 1464 3612 deorum

372 3663 409 3717 t3
423 3659 521 3733 capiet
542 3672 661 3734 pectora
683 3670 794 3728 vestra;
825 3678 893 3715 num
916 3671 1046 3716 senatum
1071 3678 1188 3734 quoque
1218 3660 1255 3718 de
1276 3661 1355 3719 hello
1375 3656 1465 3718 consul

422 3783 481 3820 non
502 3764 618 3839 placet?
641 3784 698 3821 non
718 3766 756 3822 ad
777 3767 915 3841 populum
941 3765 1019 3835 ferri,
1041 3754 1130 3823 velint
1144 3766 1303 3824 iubeantne
1314 3786 1377 3824 cum
1389 3763 1464 3824 Gadis
1505 3740 1507 3769 ³

375 3879 408 3931 tt
423 3870 527 3926 bellum
558 3870 641 3944 geri?
684 3872 775 3928 Modo
807 3884 884 3929 certe
916 3873 1047 3930 consules
1080 3871 1227 3931 Graeciam
1260 3884 1350 3949 atque
1380 3871 1463 3930 Asiam

421 3977 572 4046 volebant3
613 3987 710 4035 tamen
741 3979 992 4053 perseverantibus
1029 3978 1113 4036 vobis
1147 3980 1271 4054 Ligures
1305 3960 1462 4056 pronineian

373 4090 408 4142 15
422 4082 575 4139 decernere
597 4083 674 4139 dicto
697 4085 845 4140 audientes
866 4083 993 4143 fuerunt.
1042 4086 1161 4142 Merito
1175 4104 1246 4161 ergo
1269 4106 1289 4143 a
1310 4084 1390 4145 vobis
1409 4101 1462 4158 pro·

421 4207 504 4261 spere
527 4189 602 4246 bello
625 4201 707 4264 gesto
728 4191 905 4264 triumphum
935 4201 1047 4267 petent,
1071 4188 1176 4277 quihus
1199 4194 1367 4252 auctoribus
1385 4205 1461 4267 gesse

419 4297 521 4353 runt.“.
