3484 5025
634 502 713 551 Liber
725 502 782 553 XL.
818 505 867 567 (A.
882 464 943 554 chr.
960 504 1032 567 tas.)
1262 508 1317 563 221

291 684 421 742 accincti
449 705 495 742 me
523 686 615 743 secuti
637 700 719 756 sunt,
749 687 828 744 ferro
858 688 1027 747 interficere.
1076 690 1226 763 Tempora
1248 671 1363 764 quidem
1377 693 1404 748 3·

292 788 399 863 qualia
434 791 491 848 sint
528 792 565 848 ad
602 793 786 867 parricidium
820 794 928 865 electa,
964 796 1062 865 vides,
1098 794 1192 864 lusus,
1229 794 1364 864 convivii,

294 895 522 955 comissationis.
572 896 648 969 Quid
676 897 758 955 dies?
795 898 910 973 qualis?
952 899 1018 972 Quo
1042 901 1181 956 lustratus
1210 901 1364 971 exercitus,

293 1018 356 1073 quo
379 1000 454 1058 iuter
478 1002 600 1059 divisam
627 1003 791 1074 victimam,
825 1004 952 1079 praeletis
975 989 1122 1074 omnium,
1155 1004 1205 1079 qui
1234 1024 1362 1079 unquam

293 1104 395 1175 fuere,
424 1108 604 1165 Macedoniae
629 1127 730 1184 regum
753 1111 842 1167 armis
868 1110 972 1184 regiis,
1006 1110 1064 1165 duo
1086 1110 1140 1166 soli
1162 1120 1212 1166 tua
1234 1120 1363 1185 tegentes

293 1210 407 1282 latera,
434 1222 532 1287 pater,
564 1215 701 1288 praevecti
729 1234 844 1285 sumus,
881 1226 911 1271 et
939 1224 1067 1272 secutum
1095 1224 1139 1272 est
1168 1215 1362 1273 Macedonum

296 1336 415 1393 agmen.
474 1320 541 1376 Hoc
576 1338 646 1395 ego,
686 1320 800 1378 etiamsi
829 1321 899 1396 quid
928 1329 1014 1377 antee
1044 1319 1223 1376 admisissem
1247 1321 1392 1394 piacu104
1462 1324 1467 1335 '

295 1425 435 1500 dignum,
468 1425 606 1481 lustratus
636 1435 664 1482 et
693 1427 826 1501 expiatus
853 1445 955 1497 sacro,
988 1434 1046 1480 tum
1073 1442 1160 1497 quum
1184 1425 1310 1481 maxime
1333 1426 1363 1483 in

295 1531 424 1588 hostiam
441 1512 536 1587 itirieri
551 1541 651 1588 nostro
667 1532 874 1589 circumdatam
890 1531 1012 1599 intuens,
1031 1529 1226 1604 parricidium,
1242 1550 1363 1602 venena,

295 1634 414 1710 gladios
434 1634 464 1690 iu
486 1636 719 1694 comissationem
742 1648 922 1712 praeparatos
944 1637 1112 1693 volutabam
1135 1635 1164 1692 in
1187 1623 1315 1706 animo,
1332 1651 1363 1695 ut

296 1741 405 1815 quibus
427 1740 491 1796 aliis
513 1741 617 1798 deinde
638 1743 729 1799 sacris
751 1743 977 1799 contaminatam
1007 1742 1084 1798 omni
1107 1741 1215 1798 scelere
1237 1753 1361 1799 mentem

296 1844 469 1919 expiarem?
513 1845 572 1904 Sed
587 1865 679 1905 caecus
695 1848 864 1904 criminandi
880 1848 1037 1921 cupiditate
1052 1848 1165 1904 animus
1180 1846 1247 1903 dum
1264 1849 1362 1905 omnia
1376 1856 1393 1909 5
1414 1852 1417 1858 ’

296 1963 436 2027 suspecta
457 1951 571 2008 efficere
592 1953 670 2023 vult,
700 1951 778 2009 aliud
809 1952 867 2009 alio
890 1952 1048 2011 confundit.
1096 1954 1174 2010 Nam
1203 1953 1228 2009 si
1249 1962 1393 2016 veneuoii
1477 1975 1482 1984 '

296 2069 326 2115 te
354 2058 430 2113 inter
457 2075 557 2113 cenam
583 2058 685 2114 tollere
711 2057 806 2129 volui,
839 2058 909 2132 quid
938 2060 1031 2115 minus
1064 2069 1164 2133 aptum
1190 2058 1246 2116 fuit
1275 2079 1362 2134 quam

295 2158 439 2238 pertinaci
464 2163 622 2220 certamine
643 2173 672 2219 et
693 2179 832 2219 concursu
856 2163 962 2220 iratum
985 2175 1014 2221 te
1035 2164 1166 2234 efficere,
1197 2174 1230 2221 ut
1251 2164 1362 2233 merito,

294 2269 372 2338 sicut
393 2268 496 2337 fecisti,
518 2269 656 2326 invitatus
679 2254 717 2326 ad
738 2284 839 2323 cenam
862 2247 1005 2327 abnueres
1013 2244 1031 2327 ?x
1048 2270 1143 2343 Quum
1160 2280 1256 2326 autem
1271 2270 1392 2332 iratus‘l

295 2393 446 2450 negasses,
479 2386 584 2444 utrum,
612 2385 644 2430 ut
665 2373 811 2448 placarem
835 2387 873 2445 te,
902 2375 999 2431 danda
1021 2394 1112 2449 opera
1131 2374 1195 2446 luit,
1223 2385 1254 2432 ut
1275 2375 1362 2432 aliam

296 2499 456 2555 quaererem
486 2480 686 2549 occasionem,
721 2479 858 2554 quoniam
892 2480 982 2538 semel
1007 2500 1149 2538 venenum
1178 2499 1363 2556 paraveram,

295 2605 336 2642 au
360 2585 469 2642 abillo
492 2586 612 2642 consilio
633 2586 713 2642 velut
734 2585 952 2643 transiliendum
976 2588 1014 2643 ad
1037 2587 1116 2643 aliud
1137 2585 1206 2657 fuit,
1232 2597 1264 2642 ut
1284 2585 1395 2649 ferr08
1479 2587 1483 2590 ⁴

296 2703 341 2760 te,
375 2702 404 2749 et
433 2691 549 2765 quidem
579 2691 681 2747 eodem
711 2691 772 2760 die,
811 2712 864 2767 per
891 2693 1016 2768 speciem
1044 2691 1257 2748 comissationis
1287 2692 1362 2749 occi·
1446 2720 1451 2729 ·

295 2797 417 2857 derem?
440 2797 506 2870 Quo
528 2796 631 2853 deiude
654 2798 750 2867 modo,
773 2798 798 2854 si
820 2808 849 2856 te
870 2807 947 2855 metu
965 2797 1065 2854 mortis
1088 2798 1239 2854 credebam
1260 2806 1392 2862 oeuam9

295 2906 407 2962 vitasse
436 2921 549 2971 meam,
587 2920 644 2973 non
675 2902 711 2957 ab
739 2904 840 2961 eodem
871 2917 949 2961 metu
979 2903 1212 2960 comissationem
1247 2920 1363 2976 quoque

295 3011 456 3067 vitaturum
479 3005 702 3064 existimabam?
744 3009 814 3064 Non
836 3019 880 3065 cst
902 3029 959 3077 res,
984 3028 1043 3082 qua
1065 3010 1243 3077 erubescam,
1269 3018 1363 3084 pater,
1420 3011 1460 3082 14

295 3117 322 3173 si
345 3117 393 3172 die
415 3115 490 3172 festo
511 3114 587 3169 inter
608 3113 734 3186 aquales
746 3113 884 3187 largiore
905 3114 1051 3170 vinosum
1068 3132 1145 3170 usus.
1183 3116 1230 3172 Tu
1247 3124 1393 3190 quoqu02

295 3220 384 3277 velim
418 3218 564 3292 inquires,
598 3236 656 3291 qua
684 3217 799 3287 latitia,
833 3237 891 3292 quo
919 3219 983 3276 lusu
1012 3220 1090 3294 apud
1118 3238 1164 3275 me
1185 3220 1362 3277 celebratum

293 3328 463 3383 hesternum
487 3323 651 3380 convivium
676 3323 728 3392 sit,
758 3325 808 3381 illo
836 3326 941 3395 etiam,
967 3344 1060 3400 pravo
1087 3324 1225 3396 forsitan,
1256 3326 1363 3400 gaudio

293 3432 500 3509 provehente,
517 3430 595 3502 quod
617 3429 646 3484 in
667 3429 794 3486 iuvenali
817 3449 962 3488 armorum
996 3430 1152 3488 certamine
1173 3449 1242 3505 pars
1263 3440 1364 3488 nostra

294 3555 356 3593 non
378 3535 500 3593 inferior
527 3533 633 3593 fuerat.
686 3535 806 3591 Miseria
831 3536 894 3591 haec
924 3546 952 3591 et
977 3545 1070 3593 metus
1100 3537 1247 3612 crapulam
1277 3535 1393 3596 faciled

294 3650 501 3710 excusserunt3
531 3659 595 3714 quae
617 3640 719 3695 sinon
743 3641 973 3710 intervenissent,
996 3642 1179 3699 insidiatores
1201 3661 1255 3701 uos
1276 3643 1364 3718 sopiti

293 3746 468 3806 laceremus.
504 3746 536 3805 Si
547 3746 665 3802 domum
677 3755 757 3801 tuam
770 3757 998 3821 expugnaturus,
1017 3757 1104 3823 capta
1115 3748 1202 3805 domo
1214 3749 1363 3806 domiuum
1377 3755 1394 3809 4

293 3849 502 3907 interfecturus
515 3869 605 3920 eram,
616 3869 674 3906 nou
686 3859 893 3925 temperassem
905 3853 973 3908 vino
984 3852 1014 3909 iu
1027 3872 1114 3909 unum
1127 3853 1212 3925 diem,
1225 3874 1281 3911 non
1295 3852 1363 3930 [mi-

294 3957 376 4032 lites]
402 3975 482 4012 meos
505 3954 730 4013 abstinuissem?
752 3954 791 4012 Et
804 3974 840 4010 ne
853 3973 908 4030 ego
923 3974 969 4013 me
984 3958 1063 4016 solus
1077 3960 1167 4016 nimia
1180 3960 1393 4034 simplicitates

294 4073 391 4132 tuear,
412 4062 475 4136 ipse
487 4079 604 4135 quoque
626 4060 743 4116 minime
757 4060 852 4116 malus
869 4079 904 4117 ac
920 4063 1056 4137 suspicax
1070 4063 1363 4132 frater„N1l1ilaliud

294 4167 377 4225 sci0“
400 4166 503 4241 inquit,
518 4166 607 4235 „nihil
618 4184 725 4240 arguo,
739 4165 794 4221 nisi
813 4166 892 4240 quod
908 4185 972 4223 cum
989 4167 1066 4225 ferro
1079 4171 1264 4228 comissatum
1277 4190 1363 4229 vene·

294 4278 396 4334 runt“.
418 4271 451 4331 si
463 4289 601 4347 quaeram,
622 4271 697 4327 unde
714 4270 744 4327 id
755 4271 850 4346 ipsum
862 4272 948 4343 scias,
965 4291 1081 4331 necesse
1093 4275 1146 4330 crit
1158 4286 1186 4331 te
1196 4274 1291 4346 fateri,
1313 4288 1364 4334 aut
1377 4281 1394 4335 6
