3484 5025
569 487 648 538 luber
664 486 818 539 XXXVIII.
850 487 899 551 (A.
916 485 978 538 cur.
1000 488 1070 553 187.)
1254 492 1310 547 143

374 672 458 730 Talis
490 673 585 733 oratio
617 674 644 732 F
645 673 700 732 urii
732 684 761 729 et
791 672 907 731 AEmilii
923 671 1001 758 ,luit
1043 672 1186 732 Manlium
1215 673 1246 730 in
1277 674 1353 731 hunc
1405 664 1447 736 47

289 784 420 842 maxime
446 780 573 857 modum,
593 779 779 855 respondisse
810 778 925 854 accepi:
976 778 1119 848 „Tribuni
1146 780 1239 855 plebis
1267 789 1354 837 antea

289 890 426 948 solebant
445 886 622 961 triumphum
645 884 858 961 postulantibus
880 884 1044 956 adversari,
1066 896 1164 962 patres
1184 885 1353 961 conscripti;

290 997 396 1071 quibus
421 1013 476 1071 ego
498 991 623 1069 gratim
645 991 757 1062 habeo,
790 991 867 1066 quod
900 1009 951 1047 seu
984 990 1053 1047 mihi
1082 1010 1133 1049 seu
1164 992 1384 1067 magnitudini2

287 1120 386 1160 rerum
410 1109 558 1176 gestarum
579 1099 636 1156 hoc
657 1097 806 1167 dederunt,
835 1106 867 1153 ut
887 1116 946 1153 non
966 1097 1060 1154 solum
1082 1097 1196 1155 silentio
1217 1117 1353 1175 compro-

290 1208 395 1266 barent
415 1208 556 1264 honorem
579 1221 684 1273 meum,
706 1203 757 1261 sed
780 1202 889 1262 referre
910 1203 1007 1273 etiam,
1029 1202 1054 1260 si
1076 1221 1149 1279 opus
1167 1214 1251 1274 esset,
1273 1204 1353 1261 vide-

290 1324 390 1372 rentur
411 1310 508 1387 parati
529 1328 607 1379 esse3
628 1328 666 1366 ex
687 1309 785 1366 decem
807 1309 921 1384 legatis,
942 1310 967 1367 si
989 1310 1044 1367 diis
1064 1310 1169 1385 placet,
1190 1312 1269 1386 qnod
1284 1318 1383 1375 con-3

291 1395 384 1476 tilium
420 1416 623 1494 dispensandae
655 1416 935 1489 cohonestandaeque
970 1414 1100 1472 victoriae
1129 1415 1353 1491 imperatoribus

293 1524 418 1584 maiores
450 1523 591 1581 dederunt
622 1521 730 1590 nostri,
764 1521 948 1577 adversarios
980 1521 1084 1578 habeo.
1138 1521 1174 1579 L.
1195 1522 1302 1579 Furius
1324 1533 1383 1588 eta

291 1630 322 1691 L.
346 1630 491 1689 AEmilius
512 1647 626 1686 currum
652 1626 856 1702 triumphalem
888 1645 935 1683 me
966 1627 1159 1684 conscendere
1190 1629 1354 1703 prohibent,
1413 1617 1417 1622 ⁵

290 1718 430 1795 coronam
463 1734 604 1811 insignem
641 1734 730 1810 capiti
761 1733 930 1802 detrahunt,
970 1750 1044 1806 quos
1077 1752 1147 1809 ego,
1187 1735 1212 1790 si
1233 1735 1354 1792 tribuni

288 1842 472 1919 triumphare
492 1860 539 1897 me
559 1840 760 1917 prohiberent,
789 1847 877 1896 testes
906 1838 1044 1895 citaturus
1070 1839 1114 1897 fui
1140 1858 1236 1897 rerum
1264 1860 1282 1898 a
1307 1858 1354 1897 me

283 1958 449 2023 gestarum.
489 1945 606 2003 Nullius
628 1946 761 2021 equidem
782 1945 899 2002 invideo
920 1944 1039 2014 honori,
1069 1954 1167 2020 patres
1188 1945 1383 2020 conscripti.5
1491 1980 1494 1988 ,

284 2051 353 2115 Vos
374 2053 511 2111 tribunos
530 2051 625 2126 plebei
649 2070 756 2127 nuper,
784 2051 864 2108 viros
885 2049 977 2108 fortes
997 2069 1032 2108 ac
1054 2062 1202 2123 smenuos,
1232 2051 1354 2127 impedi·

279 2171 370 2219 entes
393 2159 433 2232 Q.
456 2157 542 2215 Fabii
563 2159 710 2216 Labeonis
729 2157 906 2232 triumphum
935 2157 1107 2215 auctoritate
1138 2169 1236 2215 vestra
1257 2160 1354 2249 deter—
1431 2157 1436 2168 ’

276 2266 397 2325 ruistis.
435 2264 650 2339 Triumphauit,
672 2284 756 2350 quem
779 2283 838 2321 non
859 2262 965 2320 bellum
988 2263 1123 2320 iniustum
1147 2265 1280 2339 gessisse,
1302 2266 1353 2322 sed

275 2370 405 2430 hostem
427 2371 545 2428 omnino
566 2389 625 2430 non
657 2370 764 2428 vidisse
794 2370 903 2427 inimici
923 2369 1086 2439 iactabant3
1117 2390 1182 2446 ego,
1213 2373 1264 2446 qui
1286 2374 1383 2430 cumb

275 2486 406 2537 (tentum
428 2475 554 2535 millibus
578 2475 822 2535 ferocissimorum
853 2475 981 2534 hostium
1009 2475 1099 2550 signis
1126 2477 1239 2535 collatis
1267 2478 1353 2536 toties

275 2583 431 2660 pugnavi,
453 2582 503 2657 qui
523 2582 588 2657 plus
610 2583 806 2658 quadraginta
823 2583 914 2640 millia
925 2583 1072 2639 hominum
1095 2585 1157 2658 cepi
1180 2593 1230 2640 aut
1252 2585 1353 2655 occidi,

277 2690 336 2765 qni
359 2689 433 2746 bina
454 2698 551 2746 castra
571 2707 671 2746 eornm
693 2688 868 2764 expugnavi,
890 2687 939 2762 qui
961 2688 1033 2745 citra
1053 2689 1123 2764 iuga
1140 2687 1233 2746 Tauri
1255 2688 1353 2745 omnia

276 2795 455 2873 pacatiora,
487 2812 575 2868 quam
596 2805 676 2852 terra
696 2794 784 2852 Italia
809 2803 862 2862 est,
883 2794 996 2868 reliqui,
1017 2813 1075 2851 non
1096 2794 1242 2869 triumpho
1265 2794 1352 2851 modo

276 2901 423 2970 frendor,
444 2900 497 2957 sed
518 2918 637 2957 causam
659 2902 739 2977 apud
761 2919 824 2970 vos,
846 2911 944 2976 patres
966 2901 1129 2976 conscripti,
1151 2902 1382 2959 accusantibnsl

278 3007 360 3065 meis
393 3006 459 3081 ipse
490 3005 593 3081 legatis
622 3006 697 3087 dico.
740 3007 859 3082 Duplex
889 3026 1006 3077 eorum,
1038 3016 1071 3064 ut
1102 3007 1385 3077 animadvertistis,8

279 3123 389 3190 patres
413 3111 578 3187 conscripti,
599 3111 746 3170 accusatio
767 3111 838 3183 fuit;
858 3132 928 3169 nam
943 3132 998 3170 nec
1012 3114 1169 3188 gerendum
1184 3115 1255 3172 mihi
1265 3114 1355 3172 fnisse

279 3218 398 3276 bellum
420 3236 486 3274 cum
504 3216 610 3286 Gallis,
631 3228 660 3275 et
679 3227 793 3293 gestum
814 3229 923 3276 temere
944 3230 1034 3293 atque
1053 3219 1249 3294 imprudenter
1270 3221 1354 3278 dixe-

280 3334 366 3386 runt.
414 3323 504 3392 „Non
526 3333 609 3380 erant
631 3323 712 3382 Galli
732 3325 840 3396 hostes,
871 3326 924 3382 sed
945 3334 976 3381 tu
998 3343 1048 3382 eos
1068 3334 1189 3400 pacatos
1211 3326 1355 3401 imperata

280 3426 432 3489 facientes
445 3429 591 3487 violasti.“
624 3431 694 3487 Non
714 3448 778 3487 sum
799 3431 997 3506 postulaturus
1021 3433 1143 3502 avobis,
1165 3440 1263 3505 patres
1284 3435 1384 3490 con-9

285 3535 403 3612 scripti,
425 3544 465 3604 ut,
486 3554 551 3610 quae
571 3537 808 3594 communiterde
826 3536 1006 3594 immanitate
1027 3537 1120 3613 gentis
1132 3537 1295 3606 Gallorum,
1317 3538 1354 3595 de

282 3640 479 3700 infestissimo
502 3642 570 3699 odio
588 3641 618 3699 in
635 3644 915 3701 nomenRomanum
927 3643 1015 3714 scitis,
1036 3663 1073 3701 ea
1093 3645 1130 3702 de
1150 3643 1205 3700 illis
1228 3663 1353 3718 quoque,

286 3747 340 3823 qui
361 3748 469 3809 Asiam
491 3747 630 3818 incolunt,
652 3747 820 3804 existimetis
832 3747 941 3819 Gallim
962 3759 1075 3807 remota
1096 3750 1238 3807 universae
1260 3751 1354 3826 gentis
1371 3759 1405 3814 10

285 3852 415 3913 infamia
441 3863 530 3930 atque
558 3851 683 3924 invidia,
715 3873 768 3929 per
799 3874 831 3912 se
861 3855 942 3930 ipsos
965 3856 1113 3913 aestimate.
1157 3857 1277 3917 Utinam
1301 3876 1355 3914 rex

286 3961 448 4031 Eumenes,
480 3960 590 4017 utinam
612 3959 694 4017 Asiae
712 3978 812 4017 omnes
833 3961 965 4019 civitates
987 3963 1131 4034 adessent,
1163 3973 1192 4019 et
1214 3964 1280 4021 illos
1301 3983 1354 4039 po·

287 4066 347 4124 tius
370 4075 525 4141 querentes
548 4084 636 4140 quam
665 4084 711 4122 me
739 4076 924 4124 accusantem
951 4057 1096 4127 audiretis.
1144 4069 1267 4140 Mittite,
1300 4077 1404 4144 agell

289 4172 370 4242 dum,
391 4171 506 4247 legatos
528 4172 606 4241 circa
627 4190 727 4230 omnes
739 4172 819 4229 Asia
833 4174 920 4230 urbes
941 4184 969 4230 et
991 4174 1206 4249 queritantur
1226 4175 1356 4250 graviori
1451 4161 1453 4166 ¹

290 4278 441 4348 servitute,
463 4277 611 4335 Antiocho
633 4278 710 4335 ultra
730 4278 822 4336 Tauri
843 4279 913 4355 iuga
934 4290 1030 4337 emoto
1054 4280 1197 4340 anGallis
1218 4283 1356 4354 subactis,
