3484 5025
558 524 637 573 Liuor
653 522 769 573 xxxu.
807 524 855 587 (A.
869 522 917 574 ch.
933 524 1093 587 res-tet.)
1282 528 1318 583 73

292 706 467 764 inhiberes
489 706 652 783 profectum
674 707 715 764 itu
737 720 909 783 comparere
934 709 990 766 dici
1015 709 1132 780 bellum,
1155 719 1195 780 ut,
1219 709 1274 766 nisi
1296 726 1360 766 suc·

292 828 389 869 eussor
417 812 575 887 impediet,
608 811 787 887 perfecturus
818 824 918 871 [estote
947 815 1082 889 proxima
1110 815 1253 872 videatur.
1305 813 1391 870 Hiss

293 917 476 975 orationibus
490 918 683 994 pervicerunt,
704 926 736 973 ut
758 918 890 975 consules
911 918 941 975 in
963 928 1080 976 senatus
1104 918 1277 977 auctoritate
1298 916 1362 974 fore

292 1022 421 1079 sunem
443 1042 491 1091 se,
523 1024 547 1079 si
577 1023 654 1079 idem
676 1023 783 1080 tribuni
818 1023 912 1098 plebis
936 1023 1073 1081 facerent.
1123 1024 1361 1081 Permittentibus

294 1128 430 1201 utrisque.
451 1128 573 1185 liberam
609 1128 864 1201 consultationem,
897 1139 995 1206 patres
1027 1130 1194 1187 consulibus
1218 1128 1361 1186 ambobus

296 1235 409 1291 ltslinm
433 1232 615 1310 provinciam
637 1232 839 1305 decreverunt,
869 1238 906 1293 T.
930 1234 1075 1307 Quinctio
1090 1243 1287 1311 prorogarunt
1307 1230 1390 1289 ἱππ-9

296 1339 422 1414 perium,
454 1340 548 1396 donec
576 1355 726 1395 successor
755 1358 791 1395 ex
813 1351 930 1397 senatus
953 1342 1083 1398 consulto
1106 1340 1239 1400 venisset.
1283 1337 1360 1396 Con·

298 1446 405 1502 sulibus
426 1445 503 1502 binae
526 1444 655 1519 legiones
677 1445 808 1514 decretae,
831 1455 860 1501 et
881 1458 913 1502 ut
933 1446 1040 1503 bellum
1063 1465 1128 1504 cum
1151 1444 1246 1503 Gallis
1268 1442 1360 1501 Cisal·

299 1550 382 1624 pinis,
412 1551 463 1623 qui
491 1548 664 1607 defecissent
691 1570 710 1608 a
740 1550 850 1626 populo
873 1550 1017 1617 Romano,
1039 1559 1180 1625 gererent.
1224 1550 1360 1623 Quinctio
1378 1545 1412 1599 10

301 1654 328 1710 iu
346 1654 551 1712 Macedoniam
574 1656 803 1730 supplementum
832 1656 996 1726 decretum,
1027 1674 1078 1711 sex
1101 1655 1191 1712 millia
1221 1656 1360 1731 peditum,

304 1760 415 1816 trecenti
429 1760 551 1834 equites,
567 1761 712 1818 sociorum
728 1761 875 1818 navalium
891 1760 981 1818 millia
1001 1760 1067 1815 tria.
1112 1760 1243 1818 Praeesse
1258 1762 1360 1833 eidem,
1379 1756 1406 1809 Η

305 1866 346 1921 cni
367 1875 499 1940 prtceret,
523 1866 609 1922 classi
635 1868 668 1923 L.
691 1866 843 1939 Quinctius
864 1866 1046 1923 Flamininus
1069 1865 1191 1921 iussus..
1224 1868 1361 1924 Praetori·

308 1972 354 2027 bns
379 1971 409 2027 in
430 1971 591 2045 Hispanias
619 1982 725 2028 octona
754 1972 844 2028 millia
873 1972 1001 2046 peditum
1034 1971 1144 2027 socium
1175 1991 1209 2028 ec
1238 1972 1361 2029 nominis

311 2076 395 2133 Latini
415 2077 486 2133 data
508 2086 537 2133 et
558 2077 749 2151 quadringeni
771 2077 891 2151 equites,
916 2086 947 2133 ut
969 2075 1144 2133 dimitterent
1174 2087 1300 2134 veterem
1325 2097 1360 2135 ex

313 2181 448 2258 Hispaniis
467 2182 602 2251 militem;
631 2193 660 2239 et
680 2183 836 2240 terminare
857 2182 944 2252 iussi,
974 2201 1033 2256 qua
1063 2182 1183 2239 ulterior
1209 2183 1361 2239 citeriorve

316 2287 446 2359 producis
470 2297 644 2346 servaretur.
693 2289 873 2354 Macedoniae
895 2290 1008 2363 legatos
1031 2290 1066 2348 P.
1092 2286 1250 2361 Sulpicium
1274 2297 1303 2344 et
1324 2289 1360 2343 P.
1378 2286 1412 2340 12

318 2390 427 2460 Villium,
450 2392 499 2465 qui
522 2393 654 2449 consules
674 2393 705 2449 in
729 2413 764 2450 ea
789 2394 940 2468 provincia
961 2392 1086 2460 fuerant,
1108 2393 1283 2449 adiecerunt.

272 2483 276 2488 ¹
382 2497 555 2572 Priusquam
579 2499 711 2555 consules
738 2508 935 2574 praetoresque
956 2498 986 2554 in
1008 2497 1174 2572 provincias
1197 2499 1359 2572 proficisce-
1410 2489 1455 2557 29

316 2612 411 2672 rentur,
439 2603 574 2679 prodigia
594 2605 746 2678 procurari
766 2604 891 2678 placuit,
924 2603 1001 2676 quod
1029 2604 1104 2659 aedes
1128 2604 1253 2662 Vulcani
1275 2605 1359 2664 Sum-

318 2707 433 2783 manique
463 2712 580 2778 Romae,
611 2720 640 2765 et
671 2710 749 2784 quod
772 2709 911 2783 Fregenis
943 2728 1042 2764 murres
1074 2719 1102 2765 et
1122 2721 1208 2784 porto
1233 2711 1268 2767 de
1291 2713 1360 2768 caelo

318 2818 380 2868 tecta
398 2825 496 2885 erant,
527 2824 555 2870 et
573 2815 737 2871 Frusinone
765 2815 840 2871 inter
869 2823 982 2871 noctem
1012 2815 1064 2871 lux
1087 2825 1165 2886 orta,
1199 2827 1227 2873 et
1248 2810 1392 2875 AEsulae2

271 2954 272 2965 .
319 2931 392 2988 agnus
422 2919 520 2993 biceps
550 2938 614 2976 cum
645 2921 772 2994 quinque
805 2919 927 2994 pedibus
957 2928 1057 2989 natus,
1090 2930 1118 2975 et
1146 2921 1273 2978 Formiis
1303 2922 1361 2978 duo

319 3017 365 3093 lupi
382 3023 516 3097 oppidum
538 3025 661 3099 ingressi
683 3025 786 3081 obvios
808 3025 920 3098 aliquot
949 3024 1147 3095 laniaverant,
1178 3027 1281 3083 Romae
1303 3046 1361 3084 non

271 3016 277 3083 't

271 3088 279 3221 ἑ
319 3122 445 3186 inurbem
468 3129 571 3196 solum,
594 3129 695 3184 sedin
717 3127 894 3204 Capitolium
917 3139 1122 3204 penetraverat
1143 3129 1237 3204 lupus.

271 3222 277 3305 l

271 3324 276 3363 t

383 3231 414 3291 C.
437 3233 553 3291 Atinius
580 3234 825 3308 tribunusplebis
850 3234 929 3302 tulit,
963 3244 994 3290 ut
1026 3235 1153 3308 quinque
1182 3236 1302 3292 coloniae
1331 3231 1390 3294 in3

319 3351 382 3392 oram
403 3330 575 3395 maritimam
598 3340 822 3409 deducerent-ur,
854 3341 918 3395 duae
950 3339 987 3394 ad
1010 3341 1085 3396 ostia
1112 3340 1261 3396 fluminum
1285 3342 1359 3398 Vul-

320 3442 377 3498 turni
395 3444 572 3518 Liternique,
597 3462 655 3499 una
677 3445 832 3514 Puteolos,
858 3464 917 3501 une
938 3446 974 3500 ad
1000 3444 1134 3503 Castrum
1159 3444 1286 3514 Salerni3
1315 3441 1388 3504 hist

320 3540 461 3606 Buxentum
497 3550 656 3618 adiectum3
690 3561 813 3606 trecenae
849 3550 967 3607 familise
1003 3552 1032 3606 in
1068 3551 1196 3625 singulas
1231 3552 1360 3609 colonias

279 3668 282 3673 ·
319 3645 468 3711 iubebantur
491 3655 576 3711 mitti.
621 3656 780 3713 Triumviri
801 3655 975 3713 deducendis
989 3656 1034 3725 iis,
1058 3655 1106 3729 qui
1129 3674 1182 3728 per
1207 3657 1359 3713 triennium

319 3760 496 3831 magistratum
519 3762 668 3830 heberent,
690 3762 779 3818 creati
801 3763 843 3818 M.
869 3761 1009 3822 Servilius
1033 3760 1184 3830 Geminus,
1207 3761 1244 3833 Q.
1264 3763 1359 3818 Minu-

319 3858 363 3917 dus
380 3867 533 3936 Thermus,
556 3867 603 3926 Ti.
626 3866 814 3941 Sempronius
835 3869 964 3940 Longus.

380 3971 493 4029 Dilectu
516 3974 661 4046 rebusque
683 3972 747 4029 eliis
762 3972 868 4029 divinis
889 3971 1090 4043 humanisque,
1121 3988 1185 4044 quae
1207 3991 1260 4047 per
1280 3970 1389 4046 ipsos5

320 4077 528 4146 nudassent,
552 4077 702 4152 perductis,
734 4077 866 4133 consules
897 4075 983 4131 ambo
1010 4074 1039 4130 in
1069 4074 1198 4132 Galliam
1228 4076 1359 4151 profecti,

319 4171 446 4240 &melius
480 4194 561 4239 recta
597 4182 634 4238 ad
655 4183 793 4239 Insubres
823 4181 887 4250 via,
920 4179 969 4255 qui
1000 4187 1060 4235 tum
1094 4180 1123 4235 in
1153 4182 1241 4237 armis
1278 4182 1390 4238 erantb

319 4275 469 4345 Communis
492 4289 661 4363 assumptis3
683 4287 720 4360 Q.
742 4287 887 4344 Minucius
907 4287 937 4342 in
961 4286 1036 4341 laeva
1062 4286 1155 4342 Italiae
1177 4286 1214 4342 ad
1235 4285 1357 4344 inferum
