3484 5025
486 522 525 578 22
743 520 821 570 Liber
837 518 939 573 XXXI.
976 517 1023 582 (A.
1037 534 1061 567 u.
1076 533 1099 571 o.
1113 519 1184 582 554.)

413 698 558 780 lItaque,
579 704 604 760 si
623 704 706 761 vobis
728 705 850 775 videtur,
882 712 993 761 tantum
1023 712 1126 779 parate
1146 704 1277 775 militum,
1299 712 1439 779 quantum
1462 705 1498 764 ad

444 810 553 869 Oreum
575 819 604 867 et
620 808 788 867 Chalcidem
810 820 838 867 ct
859 809 1029 869 Corinthum
1051 811 1158 868 tuenda
1185 810 1256 867 satis
1284 810 1337 880 sit,
1359 818 1400 882 ut,
1427 811 1498 869 meis

443 918 480 974 ab
494 924 577 991 tergo
600 915 678 985 tutis,
692 933 810 973 securus
824 916 930 974 bellum
943 916 1053 974 Nabidi
1066 915 1187 974 inferam
1202 924 1231 973 et
1241 916 1496 975 Lacedamoniis.“

413 1022 511 1079 8Non
534 1021 636 1080 fefellit
657 1022 799 1091 Achaeos,
831 1039 890 1095 quo
916 1013 1160 1097 spectasset'tam
1182 1020 1307 1096 benigna
1327 1023 1498 1098 pollicitatio

443 1126 642 1200 auxiliumque
670 1126 799 1183 oblatum
827 1127 965 1184 adversus
988 1127 1237 1197 Lacedaemonios,
1270 1127 1301 1183 id
1332 1128 1439 1203 quari,
1467 1139 1500 1187 ut

443 1232 572 1289 obsidem
595 1235 771 1291 Achaeorum
799 1232 976 1290 iuventutem
1007 1234 1141 1292 educeret
1169 1252 1206 1289 ex
1227 1232 1432 1307 Peloponneso
1462 1236 1498 1295 ad

411 1338 609 1414 dilligandam
634 1341 769 1397 Romano
791 1338 868 1395 bello
886 1347 1010 1413 gentem.
1062 1338 1102 1395 Et
1135 1339 1164 1395 id
1198 1338 1312 1413 quidam
1340 1356 1498 1414 coarguere

442 1443 596 1521 Cycliadas
626 1455 732 1521 praetor
761 1447 935 1504 Achaeorum
966 1443 1037 1501 nihil
1066 1444 1187 1501 attinere
1220 1453 1316 1514 ratus,
1346 1444 1377 1501 id
1410 1446 1497 1503 modo

442 1570 530 1625 quum
563 1551 696 1621 dixisset,
729 1570 788 1608 non
819 1552 906 1609 licere
934 1552 1045 1626 legibus
1066 1551 1240 1608 Achaeorum
1269 1550 1305 1606 de
1326 1550 1391 1607 aliis
1411 1552 1498 1609 rebus

392 1663 428 1717 10
441 1656 559 1728 referre,
587 1676 674 1731 quam
700 1667 821 1732 propter
845 1675 917 1732 quas
939 1656 1091 1714 convocati
1115 1664 1223 1726 essent,
1251 1656 1367 1713 decreto
1390 1658 1427 1714 de
1449 1676 1496 1715 ex-

441 1762 531 1820 ercitu
552 1763 684 1838 parando
713 1764 853 1821 adversus
880 1763 988 1820 Nabim
1017 1762 1105 1833 facto,
1134 1762 1284 1819 concilium
1317 1761 1433 1819 fortiter
1463 1782 1496 1820 ac

440 1867 529 1925 libere
550 1868 680 1926 habitum
703 1868 819 1940 dimisit,
839 1869 913 1925 inter
937 1879 1130 1926 assentatores
1147 1868 1244 1942 regios
1259 1878 1327 1924 ante
1340 1887 1405 1926 eam
1422 1870 1496 1928 diem

392 1981 424 2035 ll
440 1974 565 2031 habitus.
614 1973 766 2048 Philippus
796 1993 903 2049 magna
931 1994 983 2050 spe
1014 1975 1165 2049 depulsus,
1197 1973 1368 2030 voluntariis
1396 1976 1495 2050 paucis

442 2080 578 2136 militibus
614 2079 797 2154 conscriptis,
836 2077 1005 2137 Corinthum
1039 2090 1126 2154 atque
1160 2079 1190 2136 in
1221 2079 1350 2137 Atticam
1388 2092 1495 2139 terram

440 2186 533 2242 rediit.
580 2180 582 2182 ’

346 2289 392 2359 26
523 2292 583 2348 Per
614 2310 664 2348 eos
692 2292 772 2367 ipsos
805 2291 881 2361 dies,
920 2292 1023 2366 quibus
1053 2290 1204 2366 Philippus
1230 2291 1259 2347 in
1290 2292 1407 2349 Achaia
1434 2251 1518 2365 fuit,w

441 2397 585 2455 Philocles
614 2398 766 2473 praefectus
796 2399 892 2472 regius
921 2417 957 2454 ex
978 2398 1092 2455 Euboea
1112 2397 1258 2473 proiectus
1287 2416 1352 2455 cum
1384 2400 1495 2457 duobus

442 2502 566 2560 millibus
588 2504 734 2561 Thracum
757 2502 1008 2577 Macedonumque
1035 2504 1073 2561 ad
1097 2504 1315 2580 depopulandos
1336 2506 1495 2564 Athenien·

442 2609 514 2665 sium
547 2612 618 2666 fines
649 2611 768 2684 regione
799 2609 944 2667 Eleusinis
976 2610 1080 2667 saltum
1108 2609 1278 2669 Cithaeronis
1311 2613 1495 2671 transcendit

411 2713 515 2772 21nde
536 2716 654 2772 dimidia
675 2723 759 2790 parte
779 2714 900 2786 militum
923 2715 961 2773 ad
982 2717 1167 2790 praedandum
1192 2717 1300 2792 passim
1332 2737 1386 2793 per
1410 2737 1496 2796 agros

442 2821 575 2892 dimissa,
607 2838 671 2878 cum
699 2829 783 2895 parte
810 2821 873 2895 ipse
897 2822 1025 2879 occultus
1045 2823 1110 2880 loco
1132 2823 1169 2880 ad
1189 2823 1309 2880 insidias
1331 2833 1495 2899 opportuno

411 2914 584 2997 dc'onscdit,
618 2935 663 2996 ut,
692 2927 716 2983 si
744 2946 781 2984 ex
808 2928 926 2985 castello
954 2929 991 2986 ab
1012 2928 1148 2986 Eleusine
1175 2927 1205 2984 in
1233 2929 1395 3003 praedantes
1428 2947 1495 2988 suos

440 3032 564 3107 impetus
586 3034 677 3104 fieret,
698 3043 815 3108 repente
837 3035 934 3092 hostes
956 3033 1064 3092 effusos
1086 3054 1123 3091 ex
1145 3034 1303 3109 improviso
1323 3035 1494 3093 adoriretur.

409 3137 509 3195 4Non
530 3137 658 3196 fefellere
678 3138 798 3198 insidiae.
847 3140 952 3216 Itaque
972 3138 1132 3210 revocatis,
1162 3139 1211 3213 qui
1241 3139 1437 3198 discurrerant
1458 3141 1495 3198 ad

439 3245 637 3320 praedandum,
658 3245 795 3303 militibus
805 3246 1017 3320 instructisque,
1040 3245 1078 3301 ad
1100 3246 1324 3321 oppugnandum
1346 3247 1493 3305 castellum

439 3351 603 3408 Eleusinem
625 3352 772 3428 profectus
794 3370 858 3408 curn
881 3352 978 3409 multis
999 3352 1066 3409 inde
1086 3351 1251 3409 vulneribus
1272 3352 1399 3423 recessit,
1424 3352 1493 3410 Phi·

410 3456 577 3534 5lippoque
607 3476 639 3514 se
669 3458 795 3515 venienti
819 3477 855 3514 ex
877 3459 994 3517 Achaia
1019 3456 1176 3515 coniunxit.
1235 3458 1363 3515 Tentata
1394 3467 1424 3516 et
1457 3459 1495 3516 ab

438 3561 503 3636 ipso
523 3582 592 3639 rege
615 3563 794 3639 oppugnatio
816 3564 943 3621 eiusdem
965 3565 1075 3622 castelli
1096 3570 1153 3632 est3
1175 3563 1226 3620 sed
1245 3580 1334 3620 naves
1354 3565 1495 3622 Romanae

439 3687 458 3724 a
472 3667 567 3725 Piraeo
593 3670 740 3727 venientes
760 3669 1014 3744 intromissumque
1034 3657 1197 3745 presidium
1220 3668 1358 3727 absistere
1378 3670 1494 3746 incepto

409 3774 602 3850 bcoegerunt.
649 3775 754 3832 Diviso
775 3776 878 3834 deinde
904 3775 1045 3844 exercitu,
1069 3793 1122 3831 rex
1143 3793 1207 3830 cum
1230 3784 1313 3848 parte
1334 3776 1493 3834 Philoclem

438 3883 570 3938 Athenas
595 3881 695 3953 mittit,
725 3900 788 3939 cum
811 3891 894 3958 parte
915 3881 1040 3938 Piraeum
1063 3881 1171 3956 pergit,
1192 3890 1232 3949 ut,
1258 3880 1325 3938 dum
1348 3882 1495 3939 Philocles

438 3989 588 4045 subeundo
611 4004 708 4044 muros
730 3998 759 4045 et
783 3989 985 4046 comminanda
1007 3987 1223 4062 oppugnatione
1244 3987 1403 4045 contineret
1423 3990 1495 4046 urba

439 4095 646 4164 Athenienses,
674 4093 731 4168 ipsi
752 4094 877 4151 Piraeum
904 4093 962 4151 lavi
988 4112 1053 4151 cnm
1075 4094 1209 4170 praesidio
1230 4093 1361 4151 relictum
1383 4112 1495 4170 expug-

409 4201 526 4257 7nandi
552 4200 676 4258 facultas
703 4208 786 4259 esset.
845 4198 980 4258 Ceterum
1012 4200 1101 4258 nihilo
1134 4201 1161 4258 ei
1185 4200 1272 4258 Piraei
1296 4217 1384 4274 quam
1407 4200 1495 4257 Eleu·

407 4305 508 4364 8sinis
529 4304 656 4376 facilior,
683 4305 784 4363 iisdem
806 4306 867 4364 fere
889 4306 1122 4378 defendentibus,
1151 4306 1329 4384 oppugnatio
1351 4305 1415 4364 init.
1466 4309 1495 4366 Α
