3484 5025
472 523 507 578 16
731 516 811 566 Liber
826 514 928 565 xxxl.
964 515 1012 579 (A.
1025 529 1050 564 ιι.
1063 529 1087 565 c.
1101 514 1175 578 554.)

397 700 558 759 irivorum
580 699 658 756 hosti
679 699 829 769 fecissent,
860 705 980 771 repente
1010 714 1110 754 omnes
1137 698 1176 754 ad
1204 697 1311 755 eadem
1333 697 1488 773 coniugum

426 804 641 876 liberorumque
662 803 854 860 discurrerent
875 819 965 874 sequa
982 801 1039 876 ipsi
1060 820 1112 876 per
1134 819 1233 859 omnes
1258 803 1321 859 rias
1336 802 1387 860 leti
1400 804 1488 875 inter,-

425 910 553 967 ficerent.
610 906 839 981 Obstupefactue
873 926 907 964 eo
940 905 1040 963 furore
1070 925 1125 962 rex
1158 908 1319 980 suppressit
1348 908 1489 982 impetum

426 1013 548 1069 militum
582 1020 610 1067 ct
638 1011 765 1067 triduum
791 1029 823 1067 se
854 1010 891 1067 ad
922 1010 1102 1066 moriendum
1125 1002 1277 1085 Abydenis
1304 1012 1375 1069 dare
1407 1012 1490 1071 dixit.

397 1118 494 1191 BQuo
516 1116 611 1191 spatio
633 1116 718 1190 plura
738 1114 871 1189 facinore
892 1114 922 1170 in
947 1132 979 1170 se
999 1114 1068 1171 victi
1092 1114 1251 1184 ediderunt,
1280 1134 1368 1189 quarn
1390 1115 1488 1173 infesti

427 1222 582 1280 edidissent
603 1220 742 1289 victores,
763 1237 833 1289 nec,
855 1219 911 1275 nisi
934 1237 1019 1293 quem
1041 1218 1158 1275 vincula
1179 1226 1230 1274 aut
1250 1220 1309 1276 alia
1328 1221 1486 1278 necessitas

426 1327 500 1382 mori
511 1324 669 1400 prohibuit,
691 1323 844 1397 quisquam
860 1323 945 1379 vivus
961 1323 991 1379 in
1005 1331 1179 1397 potestatem
1193 1323 1282 1384 venit.
1324 1324 1486 1399 Philippus,

395 1430 562 1503 bimposito
585 1428 685 1504 Abydi
705 1427 850 1501 praesidio,
882 1429 911 1484 in
938 1445 1059 1501 regnum
1076 1428 1171 1489 rediit.
1214 1426 1310 1499 Quum
1332 1428 1415 1485 velut
1435 1429 1487 1488 Sa·

426 1534 509 1608 guuti
530 1533 672 1591 excidium
695 1533 864 1601 Hannibali,
887 1533 928 1589 sic
946 1532 1084 1606 Philippo
1099 1534 1309 1609 Abydenorum
1330 1532 1430 1590 clades
1451 1534 1488 1591 ad

426 1639 592 1696 Romanum
614 1635 721 1692 bellum
746 1635 858 1691 animos
873 1636 998 1707 fecisset,
1019 1638 1112 1695 nuntii
1125 1645 1319 1709 occurrerunt,
1342 1639 1488 1696 consulem

427 1743 538 1798 iamin
559 1741 651 1815 Epiro
674 1758 737 1796 esse
767 1748 795 1795 et
816 1741 1006 1816 Apolloniam
1039 1748 1189 1800 terrestres
1220 1742 1336 1817 copias,
1368 1744 1487 1801 navales

428 1846 587 1921 Corcyram
609 1846 640 1902 in
662 1846 783 1901 hiberna
805 1845 970 1905 deduxisse.

511 1952 592 2008 inter
612 1953 673 2007 haec
695 1951 807 2025 legatis,
832 1952 933 2025 quiin
954 1951 1088 2008 Africam
1110 1951 1189 2008 missi
1211 1956 1302 2019 erant,
1324 1950 1361 2007 de
1375 1952 1487 2008 Hamil·

428 2074 496 2114 care
511 2056 619 2116 Gallici
640 2057 782 2113 exercitus
805 2057 879 2113 duce
900 2074 1070 2130 responsum
1094 2075 1112 2111 a
1127 2053 1416 2129 Carthaginiensibus
1438 2065 1486 2125 est,
1517 2075 1525 2094 ι

427 2162 498 2219 nihil
518 2162 595 2230 ultra
617 2180 648 2218 sc
669 2160 766 2217 facere
787 2179 892 2235 posse,
914 2179 1001 2234 quam
1032 2169 1064 2218 ut
1096 2160 1197 2217 exsilio
1229 2178 1295 2215 eum
1323 2160 1486 2229 multarent,

397 2260 507 2322 2bona
533 2266 593 2322 eius
618 2266 812 2340 publicarent3
834 2265 972 2339 perfugas
998 2274 1027 2322 et
1052 2265 1200 2339 fugitivos,
1223 2280 1297 2337 quos
1316 2263 1486 2338 inquirendo

427 2370 573 2444 vestigare
594 2370 756 2444 potuerint,
784 2370 961 2439 reddidisse,
994 2377 1023 2426 et
1051 2370 1087 2425 de
1109 2388 1145 2425 aa
1165 2367 1355 2424 remissurus
1377 2368 1486 2443 legatos

427 2475 569 2545 Romam,
602 2474 651 2549 qui
684 2474 796 2530 senatui
826 2473 1037 2531 satisfacerent.
1092 2475 1228 2539 Ducenta
1248 2472 1339 2529 millia
1362 2473 1488 2531 modium

427 2580 513 2636 tritici
535 2582 670 2646 Romam,
692 2579 816 2635 ducenta
838 2559 1056 2636 ad'exercitum
1072 2580 1101 2634 in
1115 2577 1319 2635 Macedoniam
1342 2579 1488 2639 miseruut.

397 2685 501 2740 31nde
533 2684 563 2739 in
594 2683 762 2740 Numidiam
794 2684 831 2740 ad
866 2701 951 2757 reges
983 2683 1106 2758 profecti
1131 2657 1236 2757 legati.
1300 2682 1391 2738 Dona
1423 2683 1489 2740 data

427 2789 591 2846 Masinissae
612 2787 808 2862 mandataque
833 2788 921 2844 edita.
982 2788 1105 2863 Equites
1127 2787 1205 2843 mille
1227 2785 1373 2856 Numidae,
1403 2806 1488 2862 quum

396 2893 485 2949 Aduo
509 2893 598 2949 millia
620 2892 711 2961 daret,
735 2893 855 2967 accepti.
915 2894 984 2966 Ipse
1005 2893 1034 2948 in
1055 2910 1145 2948 naves
1166 2889 1356 2966 imponendos
1380 2893 1489 2949 curavit

427 2999 541 3053 etcum
566 2996 695 3052 ducentis
719 2997 843 3053 millibus
871 2997 1000 3053 modium
1029 2996 1132 3064 tritici,
1163 2996 1293 3053 ducentis
1325 2996 1429 3053 hordei
1461 2998 1488 3054 in

396 3099 629 3156 5Macedoniam
653 3100 740 3160 misit.
787 3101 890 3157 Tertia
912 3100 1020 3174 legatio
1043 3102 1080 3157 ad
1096 3101 1267 3158 Verminam
1290 3109 1364 3156 erat.
1407 3102 1439 3158 Ie
1454 3102 1488 3158 ad

425 3205 536 3279 primos
556 3206 627 3261 fines
649 3203 731 3278 regni
762 3202 866 3276 legatis
900 3204 1017 3260 obviam
1051 3221 1238 3279 progressus,
1269 3211 1301 3260 ut
1332 3205 1487 3263 scriberent

394 3309 489 3383 dipsi,
512 3326 585 3382 quas
606 3306 722 3377 vellent,
743 3300 1050 3381 pacis'condiciones,
1077 3307 1221 3383 permisit3
1250 3325 1364 3364 omnem
1388 3328 1487 3384 pacem

424 3415 532 3471 bonam
554 3415 718 3485 iustamque
739 3410 804 3468 fore
825 3412 881 3468 sibi
903 3430 968 3468 cum
991 3412 1099 3488 populo
1114 3414 1258 3470 Romano.
1302 3412 1390 3470 Data
1412 3413 1486 3489 leges

425 3520 515 3594 pacis,
536 3521 689 3592 iussusque
711 3517 748 3572 ad
772 3536 835 3573 cam
861 3519 1089 3575 confirmandam
1103 3516 1217 3572 mittere
1230 3514 1486 3589 legatosRomam.

329 3613 375 3682 2⁰
508 3625 568 3680 Per
594 3623 670 3680 idem
703 3628 817 3694 tempus
840 3622 875 3678 L.
900 3603 1052 3679 Cornelius
1073 3620 1213 3678 Lentulus
1234 3638 1288 3694 pro
1310 3623 1430 3680 consule
1450 3641 1484 3680 ex

394 3725 570 3802 2Hispania
590 3727 683 3785 rediit.
741 3725 799 3796 Qui
826 3743 914 3798 quum
946 3726 975 3781 in
1004 3734 1106 3782 senatu
1129 3742 1175 3780 res
1197 3724 1235 3780 ab
1257 3742 1288 3780 ee
1309 3743 1363 3798 per
1384 3727 1486 3784 multos

425 3850 517 3888 annos
550 3831 664 3889 fortiter
697 3828 876 3902 feliciterque
908 3837 1006 3905 gestas
1035 3828 1228 3903 exposuisset*
1246 3829 1485 3905 postulassetqne,

423 3944 456 3992 ut
484 3935 674 4011 triumphanti
707 3935 762 3990 sibi
794 3934 891 3990 invehi
920 3934 1019 3991 liceret
1049 3934 1079 3989 in
1113 3934 1231 4001 urbem,
1264 3950 1311 3988 res
1342 3934 1485 4009 triumpho

393 4037 527 4114 ddignas
549 4059 613 4097 esse
634 4041 772 4097 censebat
793 4048 925 4108 senatus3
949 4038 1000 4095 sed
1024 4037 1187 4113 exemplum
1211 4056 1230 4094 a
1250 4037 1410 4095 maioribus
1431 4057 1485 4096 uon

425 4145 587 4219 accepisse,
619 4152 660 4215 ut,
683 4145 733 4218 qui
761 4162 856 4217 neque
885 4144 1010 4200 dictator
1030 4161 1124 4218 neque
1145 4143 1246 4199 consul
1266 4161 1361 4217 neque
1381 4151 1485 4217 praetor

392 4248 469 4305 tres
491 4234 642 4322 gessisset,
668 4247 874 4322 triumpharet;
907 4266 960 4323 pro
984 4247 1101 4305 consule
1121 4248 1201 4304 illum
1223 4248 1397 4323 Hispaniam
1419 4255 1483 4323 pro'·
