3484 5025
590 561 668 609 une
681 558 807 608 xxxiv.
844 558 894 621 (a,
908 556 955 607 cu.
970 560 1039 621 rec.)
1254 565 1303 616 151

275 740 410 810 intueor,
439 742 590 799 Romam
618 758 682 797 esse
709 740 810 810 video,
843 740 893 813 qui
921 760 1018 797 rerum
1044 740 1207 796 divinarum
1228 740 1350 813 fmdera,

276 845 474 902 marum
504 844 591 901 fidem
613 844 749 901 socialem
772 845 983 902 sanctissimam
1004 845 1153 913 habeatis3
1184 864 1272 918 quum
1303 851 1380 904 met

275 947 338 1022 ipse
359 948 497 1023 respexi,
518 945 593 1004 eum'
607 966 650 1004 mc
670 966 734 1006 esse
755 966 856 1022 spero,
879 948 925 1006 oni
946 958 978 1004 et
998 947 1126 1022 publica,
1144 948 1222 1005 siout
1247 951 1349 1007 ceteris

277 1051 527 1118 lacedaemoniis,
561 1050 712 1107 vobiscum
748 1052 974 1110 vetustissimum
1006 1051 1100 1110 foedus
1133 1053 1184 1122 sit,
1224 1064 1252 1108 et
1284 1072 1348 1110 meo

276 1156 394 1212 nomine
427 1156 564 1230 privatim
594 1154 723 1212 amicitia
750 1173 785 1212 ac
813 1157 956 1225 societas,
988 1175 1079 1232 nuper
1111 1156 1240 1231 Philippi
1272 1157 1348 1214 bello

276 1267 429 1316 morata
473 1261 516 1315 At
533 1260 609 1317 enim
625 1278 682 1335 ago
700 1278 764 1316 eam
780 1260 890 1316 violavi
910 1272 939 1318 et
953 1262 1053 1331 everti,
1075 1262 1153 1334 quod
1169 1262 1348 1335 Argivorum
1363 1269 1379 1321 6

279 1362 425 1421 civitatem
447 1372 542 1424 teneo.
589 1365 745 1437 Quomodo
767 1366 823 1421 hoc
844 1365 949 1422 tneor?
973 1385 1005 1422 re
1026 1384 1063 1420 en
1086 1363 1240 1439 tompore?
1288 1366 1377 1425 uest

278 1467 346 1524 mihi
376 1468 521 1543 duplicem
550 1468 746 1526 defensionem
773 1470 897 1543 praebet3
928 1488 995 1525 nam
1025 1478 1054 1525 et
1080 1469 1152 1544 ipsis
1175 1469 1348 1525 vocantibus

220 1591 226 1658 g
254 1573 313 1629 ‘aa
342 1572 525 1629 tradentibus
555 1573 655 1629 urbem
683 1592 747 1630 eam
773 1573 888 1648 accepi,
917 1583 975 1629 non
1003 1573 1159 1647 occupavi,
1189 1583 1218 1629 et
1239 1574 1347 1648 accepi,

220 1661 232 1738 ζ,
284 1694 367 1751 quum
409 1676 539 1751 Philippi
578 1678 722 1751 partium,
778 1696 837 1734 non
877 1677 906 1733 in
947 1686 1045 1733 vestra
1086 1678 1224 1733 societate
1263 1686 1346 1733 esset.

231 1751 238 1794 l
285 1782 408 1857 Tempus
430 1790 527 1838 autem
550 1799 585 1837 eo
601 1800 646 1837 me
662 1781 775 1850 liberat,
797 1780 885 1855 quod,
906 1799 996 1853 quum
1013 1780 1073 1836 iam
1087 1783 1186 1855 Argos
1200 1781 1378 1849 haberem,8

237 1899 248 1908 ·“
287 1884 402 1943 sudatas
417 1884 487 1941 mibi
501 1884 651 1942 vobiscum
666 1885 810 1954 convenit,
827 1893 864 1951 et,
884 1894 917 1940 ut
929 1884 1012 1940 vobis
1027 1883 1167 1940 mitterem
1188 1885 1225 1940 ad
1241 1885 1347 1942 bellum

251 2045 256 2054 ,
290 1988 402 2059 auxilia,
431 2008 504 2057 non,
533 1996 565 2044 ut
587 1988 676 2061 Argis
698 1988 863 2062 praesidium
889 1987 1074 2057 deducerem,
1099 1988 1257 2061 pepigistis.
1305 1991 1377 2046 Ate

291 2090 394 2150 karle
418 2092 447 2149 in
469 2110 505 2148 ea
529 2091 743 2159 controversia,
770 2110 837 2165 vqua
861 2093 898 2148 de
920 2092 1011 2166 Argis
1033 2104 1092 2160 est,
1123 2093 1254 2166 superior
1282 2111 1345 2150 eum
1419 2100 1423 2108 '

253 2177 265 2214 '¹
294 2197 462 2271 aequitate
482 2196 539 2267 rei,
561 2196 640 2269 quod
661 2213 719 2251 nou
740 2206 867 2252 vestram
890 2197 1005 2266 urbem,
1030 2196 1082 2252 sed
1101 2195 1242 2264 hostium,
1266 2196 1346 2268 quod

256 2299 260 2334 :
294 2298 429 2380 volentem,
450 2319 509 2357 nou
530 2300 560 2356 vi
583 2309 715 2356 coactam
738 2300 853 2375 accepi,
878 2310 907 2356 et
932 2310 1028 2358 vestra
1050 2300 1240 2370 confessione,
1266 2300 1345 2373 quod
1363 2299 1398 2353 10

220 2397 221 2402 ’
297 2400 320 2458 is
348 2405 557 2462 condicionibus
596 2402 742 2460 societatis
774 2406 874 2477 Argos
906 2405 976 2461 mibi
1008 2405 1178 2479 reliquistis3
1220 2412 1345 2459 ceterum
1362 2404 1394 2456 11

300 2522 384 2566 nomen
402 2509 517 2586 tyranni
535 2521 564 2566 et
581 2508 661 2565 facta
679 2528 725 2564 me
743 2517 886 2583 premunt,
908 2511 987 2585 quod
1008 2529 1108 2567 servos
1131 2511 1169 2566 ad
1183 2509 1346 2566 libertatem

219 2594 223 2674 ss
273 2650 276 2655 ·
302 2626 366 2681 7⁰0⁰,
388 2615 465 2689 quod
485 2615 516 2671 in
538 2631 625 2689 agros
645 2614 762 2687 inopem
785 2613 898 2687 plebem
922 2614 1042 2672 deduco.
1090 2615 1137 2670 De
1155 2613 1270 2671 nomine
1290 2614 1346 2670 hoo
1361 2613 1397 2666 12

219 2706 228 2775 ⁴.
304 2719 452 2791 mordere
468 2737 597 2794 possum,
613 2737 668 2787 me,
688 2717 897 2792 qualiscunque
914 2737 987 2788 sum,
1006 2719 1127 2775 eundem
1141 2736 1213 2787 esse,
1229 2717 1278 2791 qui
1294 2715 1345 2785 fui,

305 2832 370 2891 imru
390 2833 420 2880 tu
440 2823 647 2898 ipsemecum,
669 2823 707 2879 Τ.
730 2821 862 2894 Quincti,
887 2821 1054 2878 societatem
1076 2822 1219 2896 pepigisti.
1268 2823 1344 2878 Turn
1362 2823 1397 2876 13

219 2986 229 2999 .
305 2936 337 2981 Ιο
351 2945 442 3002 regem
465 2921 608 3003 appellari
636 2946 654 2983 a
681 2925 766 2983 vobis
794 2926 929 2995 memini,
962 2945 1037 2983 nunc
1066 2935 1219 3002 tyrannum
1247 2925 1347 2981 vocari

304 3024 375 3089 illuc.
421 3033 543 3106 Itaque,
573 3031 598 3088 si
625 3049 679 3106 ego
706 3049 812 3087 nomen
835 3031 948 3104 imperii
970 3041 1143 3097 mutassem,
1176 3029 1246 3085 mihi
1276 3046 1347 3085 mese

237 3172 250 3193 π.
284 3124 486 3206 ''leontant-iae,
503 3125 591 3210 cuum
610 3153 663 3193 vos
678 3137 803 3206 mutetis,
820 3135 904 3192 vobis
919 3143 1023 3190 vestrae
1037 3132 1185 3189 reddenda
1200 3132 1276 3188 ratio
1295 3140 1346 3188 est.

234 3218 244 3301 f
302 3230 368 3307 de
397 3242 436 3300 ad
462 3240 674 3297 multitudinem
704 3240 796 3299 servis
823 3238 953 3296 liberatis
985 3245 1099 3292 auctam
1135 3245 1163 3292 et
1197 3235 1347 3308 egentibus
1363 3243 1398 3297 14

234 3396 240 3405 .
281 3332 402 3403 ¹divisum
429 3363 531 3421 apum
560 3343 677 3413 attinet,
709 3361 828 3417 possum
861 3343 976 3417 quidem
1009 3350 1037 3397 et
1067 3339 1097 3395 in
1126 3340 1183 3395 hoc
1213 3357 1259 3395 me
1284 3338 1347 3394 iure

226 3481 234 3491 e
276 3444 416 3525 'hupotu
436 3450 539 3517 tutare
567 3449 627 3504 iam
653 3447 779 3505 feceram
801 3449 879 3517 haec,
910 3447 1122 3520 qualiacunque
1145 3455 1226 3512 suut,
1256 3461 1344 3516 quum
1363 3451 1398 3505 15

232 3583 236 3593 ·
294 3552 445 3612 numum
481 3572 592 3610 mecum
627 3553 778 3628 pepigistis
815 3563 844 3607 at
877 3550 986 3607 auxilia
1027 3551 1057 3606 in
1093 3548 1169 3607 bello
1205 3547 1346 3603 adversus

291 3644 446 3734 Philippum
479 3657 649 3732 accepistis3
683 3658 734 3713 sed
767 3657 793 3712 si
823 3674 899 3712 nunc
932 3675 966 3712 ea
997 3653 1147 3722 fecissem,
1181 3670 1239 3708 non
1272 3650 1346 3719 dioc,
1363 3658 1398 3713 16

292 3760 353 3829 ‘inid
381 3762 411 3823 in
441 3780 477 3820 eo
505 3781 559 3820 vos
591 3761 726 3819 laesissem
760 3770 811 3818 aut
837 3769 965 3816 vestram
988 3759 1143 3816 amicitiam
1172 3753 1347 3813 violassem?

219 3892 223 3902 ·
288 3864 338 3922 hd
354 3866 438 3938 illud,
470 3886 516 3924 me
542 3885 624 3923 more
653 3875 741 3938 atque
769 3863 899 3920 instituto
922 3864 1063 3920 maiorum
1087 3862 1205 3919 fecisset
1247 3859 1347 3917 Nolite
1363 3869 1397 3921 17

220 4016 221 4021 1
288 3967 328 4025 td
344 3983 451 4029 vestras
471 3972 551 4046 leges
573 3978 662 4043 atque
681 3968 813 4024 instituta
832 3967 949 4041 exigere
972 3987 1022 4037 ea,
1052 3984 1115 4040 quae
1138 3967 1347 4023 Lacedaemone

265 4064 364 4134 ht.
408 4076 489 4135 Nihil
521 4092 693 4148 comparare
722 4071 837 4145 singula
865 4089 984 4128 necesse
1013 4082 1064 4128 est.
1121 4071 1184 4127 Vos
1213 4090 1231 4126 a
1260 4087 1346 4127 censu

289 4178 425 4253 *quitum
451 4197 577 4237 aceusu
600 4178 725 4253 peditem
747 4177 859 4251 legitis,
887 4185 916 4231 ct
936 4192 1046 4249 paucos
1068 4173 1209 4230 excellere
1233 4173 1346 4247 opibus,

286 4280 396 4349 blebem
433 4283 591 4344 subiectam
620 4300 683 4340 esse
710 4281 766 4338 illis
794 4281 898 4350 vultis3
936 4286 1035 4336 noster
1060 4279 1157 4353 legum
1187 4277 1264 4334 lator
1288 4275 1398 4332 non18
