3484 5025
481 608 537 663 102
714 605 792 654 uther
808 604 963 654 xxxvm.
1001 604 1048 667 (a,
1066 565 1136 656 use.
1155 602 1228 664 aas.)

404 789 520 845 2simul
548 788 619 845 locis
652 789 758 845 moenia
789 799 833 845 est
867 806 1032 864 aggressus.
1079 788 1152 844 Tria
1185 786 1303 862 paribus
1332 784 1468 853 intervallis,

435 894 565 951 faciliore
595 893 674 949 aditu
704 914 722 950 a
753 913 867 966 campo,
897 896 1037 950 adversus
1058 892 1241 968 Pyrrheum,
1278 891 1353 965 quod
1381 898 1470 956 vocant,
1497 870 1499 885 ἶ

437 1000 581 1069 admovit,
609 1019 695 1056 unum
719 1018 735 1055 e
756 1000 875 1073 regione
896 998 1075 1073 AEsculapii,
1107 1016 1195 1054 unum
1228 998 1365 1053 adversus
1392 1013 1471 1052 ercan.
1497 990 1499 1042 ζ

405 1099 586 1161 3Arietibus
602 1122 699 1161 muros
718 1104 876 1178 quatiebat,
899 1104 1044 1160 asseribus
1066 1103 1181 1159 falcatis
1205 1102 1372 1176 detergebat
1387 1100 1475 1174 pinuae

437 1208 609 1284 Oppidanos
636 1210 730 1283 primo
763 1218 791 1265 et
819 1209 855 1263 ad
888 1209 1011 1283 speciem
1034 1198 1072 1264 ¹et
1102 1208 1140 1263 ad
1168 1207 1243 1263 ictus
1273 1207 1404 1269 moenium
1428 1220 1473 1259 run

406 1313 556 1370 tterribili
589 1315 683 1370 sonitu
716 1315 808 1371 editos
840 1333 933 1388 pavor
963 1332 998 1370 ac
1029 1313 1183 1387 trepidatio
1206 1312 1300 1388 cepit;
1332 1310 1432 1377 deinde,
1454 1314 1474 1363 ut

436 1432 540 1494 praeter
561 1437 641 1494 spem
665 1430 743 1475 stare
764 1438 862 1476 muros
885 1420 1036 1487 viderunt,
1066 1418 1194 1475 collectis
1219 1435 1321 1474 rursus
1343 1414 1473 1481 animiah

436 1524 540 1581 arietes
562 1525 754 1581 tollenonibus
784 1525 957 1581 libramenta
985 1524 1095 1598 plumbi
1124 1533 1176 1579 aut
1197 1542 1338 1580 saxorum
1359 1522 1472 1596 stipitem

436 1630 572 1685 robustos
586 1629 774 1696 incutiebant;
796 1630 895 1697 falces,
908 1630 1021 1685 ancoris
1038 1627 1139 1685 ferreis
1154 1628 1278 1695 iniectis,
1298 1627 1327 1682 in
1342 1626 1470 1683 inreriorar

407 1734 424 1787 5
437 1744 549 1807 partem
563 1735 788 1791 muritrahentes
800 1754 925 1791 asserem
936 1734 1175 1810 praefringcbant3
1192 1733 1230 1789 ad
1242 1734 1299 1789 hoc
1311 1730 1471 1805 eruptionibn

438 1848 466 1894 et
491 1839 636 1894 nocturnis
664 1841 693 1895 iu
715 1841 861 1896 custodias
884 1859 1004 1914 operum
1033 1849 1061 1894 et
1083 1838 1192 1894 diurnis
1217 1837 1247 1893 in
1270 1837 1404 1893 stationes
1422 1834 1469 1891 ultn

438 1954 575 2000 terrorem
603 1944 775 2003 inferebant.

407 2055 424 2109 6
523 2051 556 2106 ln
578 2051 633 2105 hoc
655 2023 732 2105 statu
754 2068 801 2104 res
824 2049 860 2103 ad
885 2048 1073 2104 Ambraciam
1098 2066 1185 2121 quum
1210 2057 1316 2119 essent,
1336 2031 1391 2105 iam
1405 2039 1476 2102 AEtol‘

439 2174 457 2209 a
483 2154 671 2240 populatioqe
700 2154 877 2210 Acarnaniae
899 2149 1027 2211 Stratum
1050 2152 1205 2213 redierant.
1265 2154 1338 2211 Inde
1359 2147 1467 2210 Nicandtt

438 2270 554 2333 praetor,
565 2279 645 2334 spem
654 2260 908 2315 nactussnlvendae
920 2259 1033 2332 incepto
1045 2258 1113 2314 forti
1126 2258 1297 2329 obsidionis,
1313 2257 1464 2317 Nicodamus

409 2364 424 2416 ‘l
439 2365 581 2438 quendam
595 2383 658 2420 cum
670 2364 779 2419 AEtolis
793 2363 956 2436 quingentis
968 2363 1158 2419 Ambraciam
1171 2364 1345 2420 intromittit.
1379 2362 1472 2419 Noetu·

360 2454 363 2457 ⁴
439 2480 546 2526 certam
564 2481 733 2545 tempusque
748 2470 833 2525 etiam
847 2468 938 2525 noctis
952 2468 1107 2537 constituit,
1123 2488 1181 2542 quo
1194 2480 1223 2525 et
1233 2470 1274 2525 illi
1288 2470 1325 2527 ab
1337 2469 1462 2538 urbeopen

438 2576 573 2640 hostium,
597 2594 660 2647 quae
680 2574 818 2630 adversus
835 2576 996 2648 Pyrrheum
1020 2585 1111 2643 erant,
1136 2576 1370 2649 aggrederentur,
1391 2582 1412 2628 et
1425 2569 1462 2642 iptt

440 2681 476 2735 ad
489 2691 584 2736 castra
596 2682 730 2735 Romana
748 2689 885 2734 terrorem
903 2678 1020 2746 faceret,
1041 2699 1126 2753 posse
1145 2693 1226 2737 ratus
1245 2680 1360 2755 ancipiti
1373 2673 1460 2735 tunulu

409 2783 426 2838 8
439 2793 467 2840 et
479 2795 563 2839 nocte
575 2797 697 2857 augente
710 2803 858 2857 pavorem,
871 2785 1087 2840 memorabilem
1100 2806 1159 2842 rem
1173 2786 1246 2860 geri.
1281 2786 1317 2841 Et
1330 2782 1458 2840 Nicoduutt

438 2889 611 2962 intempesta
623 2900 715 2955 noete,
734 2908 820 2962 quum
837 2889 909 2945 alias
922 2891 1068 2946 cristodins
1080 2889 1238 2956 fefellisset,
1255 2909 1308 2964 per
1317 2889 1383 2945 alias
1392 2886 1456 2956 iupa
1482 2926 1499 2956 Λ,

439 2995 580 3049 constanti
590 2995 774 3067 perrupisset,
786 3006 922 3068 superato
930 2996 1049 3050 brachio
1058 2996 1087 3051 in
1099 2997 1199 3051 urbem
1212 3005 1350 3068 penetrat,
1362 2987 1455 3058 animiqn
1490 3029 1497 3045 .-

440 3098 618 3172 aliquantum
642 3099 680 3153 ad
697 3100 794 3154 omnia
809 3100 942 3154 audenda
965 3110 993 3155 et
1009 3101 1070 3174 spei
1087 3101 1213 3155 obsessis
1230 3100 1342 3167 adiecit,
1363 3108 1394 3164 et,
1408 3081 1454 3148 siud
1479 3127 1499 3164 Ε

439 3205 594 3259 constituta
616 3223 675 3259 uox
698 3204 784 3268 venit,
807 3223 843 3259 ex
861 3205 1022 3277 composito
1041 3215 1159 3280 repente
1176 3224 1268 3279 opera
1285 3214 1328 3260 est
1343 3205 1453 3276 aggressu&
1478 3219 1499 3270 a}

409 3304 475 3365 9Id
497 3311 640 3384 inceptum
664 3321 768 3366 conatu
792 3329 879 3383 quam
903 3308 1005 3365 effectu
1029 3310 1147 3383 gravius
1171 3308 1241 3378 fuit,
1274 3309 1341 3382 quia
1368 3291 1453 3360 nullrrl
1478 3341 1499 3372 ⁴:

391 3411 583 3470 lOexteriore
611 3425 694 3488 parte
724 3415 767 3469 vis
797 3415 915 3470 admota
945 3408 1002 3485 est,
1032 3435 1081 3471 scu
1112 3424 1189 3469 metu
1222 3414 1355 3470 deterrito
1380 3411 1453 3484 pralon
1481 3426 1484 3431 ·

439 3520 617 3588 AEtolorum,
642 3539 692 3576 seu
709 3520 777 3592 quia
792 3520 888 3594 potius
905 3521 997 3575 visum
1011 3529 1054 3576 est
1066 3518 1271 3592 Amphilochis
1286 3537 1372 3592 nuper
1380 3501 1453 3581 rotelli
1486 3576 1499 3582 ‚-

440 3623 515 3680 ferre
538 3644 636 3698 opem,
659 3643 733 3699 quos
755 3626 891 3692 Perseus,
912 3626 1038 3700 Philippi
1062 3625 1146 3690 iilius,
1170 3623 1276 3679 missus
1298 3614 1451 3689 aanoldis*
1493 3637 1498 3687 ζ

345 3720 364 3789 ll
440 3730 709 3803 Amphilochosque
739 3730 934 3804 recipiendos,
966 3749 1079 3786 summa
1101 3730 1130 3784 vi
1152 3713 1349 3803 oppugnabat
1389 3717 1453 3779 'lul⁵
1477 3760 1490 3794 ξ

438 3835 519 3902 locis,
541 3835 614 3890 sicut
638 3835 831 3892 antedictum
856 3846 908 3905 est,
931 3836 968 3891 ad
984 3837 1145 3910 Pyrrheum
1162 3854 1255 3910 opera
1269 3824 1451 3891 Romanurn
1477 3848 1497 3899 ἦ

439 3940 511 4012 Quae
540 3940 637 3995 omnia
666 3941 765 4009 simul,
800 3941 850 3996 sed
879 3960 931 3996 nec
960 3952 1103 4015 apparatu
1134 3958 1188 3995 nec
1218 3940 1248 3996 vi
1278 3939 1372 4004 simili,
1397 3914 1451 3988 AEtol
1477 3951 1499 4004 tr

408 4046 567 4119 2aggrossi
605 4055 686 4113 suut3
725 4046 774 4101 alii
812 4065 877 4102 cum
916 4047 1082 4102 ardentibus
1120 4044 1249 4114 facibus,
1287 4044 1335 4100 alii
1367 4034 1450 4110 stuppa·
1478 4076 1499 4109 γ

438 4151 588 4225 picemque
616 4160 644 4206 et
668 4150 818 4206 malleolos
843 4150 982 4230 ferentes,
1012 4161 1075 4206 tota
1099 4149 1259 4205 collucente
1285 4145 1394 4205 flammis
1417 4128 1451 4190 θῶ
1478 4181 1499 4233 '27

408 4259 590 4315 3adveuere.
643 4256 752 4312 Multos
774 4257 866 4331 primo
890 4257 998 4330 impetu
1026 4255 1159 4310 custodes
1184 4260 1389 4329 oppresserunt3
1407 4235 1450 4296 llll*
1477 4281 1498 4317 a

298 4380 349 4458 k
434 4375 593 4438 postquam
616 4361 726 4419 clamor
749 4363 944 4434 tumultusque
965 4361 994 4416 in
1017 4370 1113 4416 castra
1135 4371 1179 4417 est
1201 4361 1327 4435 perlatus
1346 4350 1450 4413 daruutl‘
