3484 5025
433 505 450 560 2
697 504 774 552 Liber
786 504 914 553 XXXVI.
948 502 994 567 (A.
1009 520 1033 553 u.
1048 518 1069 553 c.
1085 504 1160 565 568.)
1198 529 1203 535 ·

392 690 543 764 acciperet.
592 688 626 744 L.
650 688 814 760 Quinctium
844 688 1002 763 superioris
1030 687 1097 743 anni
1126 686 1273 745 consulem
1297 686 1411 762 logarial

361 792 421 851 eid
444 793 548 850 bellum
567 792 684 866 placuit.
719 794 804 851 Alter
825 794 935 861 consul,
958 794 1004 851 cui
1026 793 1112 851 ltalia
1135 791 1284 867 provincia
1303 790 1413 858 eveniat

392 920 457 957 cum
469 899 550 956 Boiis
569 899 662 955 iussus
677 899 783 957 bellum
799 917 910 973 gerere,
929 910 995 956 utro
1015 900 1144 956 exercitu
1164 898 1263 956 mallet
1280 916 1314 954 ex
1330 898 1415 967 duola,

393 1023 466 1079 quos
480 1005 643 1079 superiores
659 1005 791 1061 consules
802 1004 979 1073 habuissent,
1001 1005 1123 1061 alterum
1141 1015 1172 1060 ut
1187 1005 1310 1061 mitteret
1320 1005 1416 1074 Muta

393 1130 491 1185 caque
512 1109 779 1183 urbauae'legiones
801 1119 896 1165 essent
919 1118 1045 1184 parata,
1071 1128 1130 1183 quo
1153 1120 1271 1167 senatus
1292 1109 1417 1167 censuim

298 1199 318 1268 2
393 1218 448 1273 His
462 1217 504 1272 ita
517 1216 546 1271 iu
558 1224 658 1271 senatu
676 1215 753 1269 laud
771 1215 807 1270 ad
826 1214 864 1283 id,
884 1233 948 1289 qua
967 1214 1047 1271 cuius
1063 1215 1216 1289 provincia
1227 1214 1310 1300 forat,
1326 1214 1418 1282 derreffi,

363 1312 453 1378 2tum
476 1323 590 1378 demum
615 1319 711 1376 sortiri
733 1319 865 1375 consules
888 1319 1005 1393 placuit.
1052 1318 1150 1375 Acilio
1173 1318 1300 1388 Graecia,
1322 1318 1419 1379 Cornelio

392 1427 481 1484 ltalia
504 1425 599 1482 evenit
654 1422 743 1481 Certa
767 1422 870 1480 deinde
894 1434 986 1492 sorte,
1019 1434 1137 1481 senatus
1165 1426 1326 1483 consultum
1345 1424 1419 1482 lacau
1452 1491 1454 1495 .

393 1543 452 1600 est,
478 1532 556 1605 quod
578 1528 702 1605 populus
725 1529 875 1585 Romanus
897 1547 932 1584 eo
959 1539 1089 1603 tempore
1113 1528 1222 1587 bellum
1245 1530 1364 1587 iussisset
1378 1544 1419 1585 esa

323 1699 326 1704 ,
392 1656 457 1695 curn
479 1654 548 1711 rege
570 1634 733 1704 Antiocho,
763 1633 869 1706 quique
896 1635 950 1690 sub
972 1633 1094 1710 imperio
1118 1634 1180 1691 eius
1204 1644 1314 1705 esseut,
1343 1632 1419 1691 atain

392 1744 433 1800 rei
450 1760 539 1799 causa
555 1739 793 1814 supplicationem
812 1738 989 1813 imperarent
1004 1740 1147 1806 consules,
1168 1741 1270 1815 utique
1284 1734 1332 1799 Μ’.
1344 1738 1421 1806 Acila

392 1848 492 1905 consul
509 1847 593 1902 ludos
609 1860 730 1917 magnos
747 1842 811 1898 lovi
834 1855 953 1901 voveret
976 1855 1003 1901 et
1020 1845 1098 1901 dona
1115 1846 1153 1901 ad
1171 1846 1272 1902 omnia
1288 1842 1419 1922 pulvinaria.
1453 1917 1455 1923 Ι

362 1945 428 2009 3ld
447 1960 546 2008 votum
568 1950 598 2005 in
619 1950 680 2004 haec
702 1948 970 2020 ve1·ba‚'praeeunte
988 1950 1023 2005 P.
1035 1950 1149 2007 Licinio
1165 1952 1304 2026 pontifice
1321 1950 1419 2018 maxim

393 2057 492 2114 consul
520 2052 710 2127 nuncupavit:
747 2051 798 2120 „Si
826 2052 968 2122 duellum,
1003 2057 1081 2128 quod
1116 2074 1182 2112 cum
1213 2075 1283 2131 rege
1312 2053 1421 2115 Autem.
1446 2107 1448 2125 ,

392 2162 466 2219 sumi
488 2160 611 2235 populus
633 2156 725 2226 iussit,
747 2156 777 2212 id
799 2176 835 2213 ex
858 2158 1001 2215 sententia
1022 2169 1144 2218 senatus.
1161 2151 1419 2244 populiquello’
1447 2193 1449 2200 π

361 2262 554 2324 4conlcctum
582 2263 651 2331 erit,
681 2274 740 2318 tum
771 2262 838 2333 tibi,
869 2263 1015 2338 Iuppiter,
1047 2265 1173 2340 populus
1198 2268 1345 2326 Romanus

392 2390 514 2447 magnos
547 2369 607 2427 dies
639 2369 738 2424 decem
778 2368 931 2424 continuos
963 2367 1066 2439 faciet,
1108 2370 1246 2446 donaque
1285 2374 1322 2430 ad
1354 2391 1403 2429 ou
1454 2435 1457 2442 ¹

390 2473 555 2549 pulvinaria
576 2472 722 2530 dabuntur
748 2473 784 2529 de
806 2474 945 2548 pecunia,
977 2483 1116 2548 quantam
1146 2485 1266 2534 senatus
1292 2477 1408 2534 decrero

361 2579 530 2653 5Quisquis
553 2579 740 2652 magistratus
771 2598 821 2636 eos
851 2579 935 2635 ludos
959 2581 1076 2654 quando
1098 2581 1207 2654 ubique
1228 2579 1316 2648 faxit,
1342 2579 1367 2636 hi
1382 2578 1446 2658 H

390 2693 468 2739 recte
494 2682 564 2739 facti
592 2683 727 2757 donaque
755 2685 825 2741 data
848 2693 927 2740 recte
951 2691 1064 2743 sunto.“
1116 2685 1298 2761 Supplicatio
1325 2683 1380 2740 iude
1407 2705 1409 2717 >

392 2789 504 2844 duobus
527 2787 692 2845 consulibus
714 2790 808 2846 edicta
833 2808 886 2864 per
907 2789 1024 2846 biduum
1047 2788 1111 2846 fuit.

359 2894 376 2948 6
474 2891 648 2948 Consulibus
687 2893 796 2950 sortitis
838 2895 1021 2968 provincias,
1065 2895 1213 2971 extemplo
1250 2906 1279 2952 et
1320 2900 1423 2969 praa

391 2997 484 3054 sortiti
523 3005 596 3053 sunt.
666 2998 707 3054 M.
741 2999 826 3055 Iunio
859 2999 952 3056 Bruto
992 2999 1151 3057 iurisdictio
1192 3011 1316 3075 atraque
1349 3015 1403 3054 eru·
1446 3056 1457 3091 ἶ

392 3104 431 3162 Α.
460 3100 595 3158 Cornelio
629 3103 797 3160 Mammulae
829 3104 953 3175 Bruttii,
985 3105 1026 3161 Μ.
1055 3105 1178 3163 AEmilio
1208 3106 1320 3180 Lepido
1346 3090 1404 3162 8ἰν”
1446 3142 1449 3151 ψ

392 3208 427 3263 L.
461 3205 558 3281 Oppio
592 3206 750 3266 Salinatori
784 3207 935 3276 Sardinia,
973 3207 1005 3266 C.
1039 3209 1124 3266 Livio
1157 3209 1317 3267 Salinatori
1446 3186 1457 3199 Ι

361 3306 561 3369 7L.AEmilio
580 3293 674 3368 Paulo
695 3311 839 3386 Hispania
859 3313 986 3373 ulterior.
1027 3314 1083 3370 His
1105 3314 1146 3371 ita
1168 3317 1314 3374 exercitus
1333 3316 1365 3371 a.
1393 3336 1414 3357 ν
1446 3354 1450 3363 ·

391 3417 429 3472 A.
452 3413 588 3472 Cornelio
617 3418 684 3474 novi
707 3417 825 3485 milites,
859 3418 1015 3493 conscripti
1043 3419 1140 3492 priore
1169 3424 1315 3479 anuo‘ex
1338 3436 1387 3476 sou
1421 3431 1422 3439 ’
1446 3477 1457 3513 h

392 3519 522 3575 consulto
552 3540 570 3576 a
600 3522 634 3581 L.
664 3521 799 3594 Quinctio
829 3523 963 3592 consule,
996 3524 1057 3580 dati
1088 3534 1171 3600 sunt,
1202 3526 1352 3601 iussusque
1381 3545 1414 3567 ν
1452 3564 1457 3572 -

361 3619 505 3680 Somnem
526 3644 607 3682 oram
627 3627 704 3683 circa
720 3628 881 3683 Tarentum
898 3628 1151 3703 Brundisiumque.
1175 3631 1210 3687 L.
1226 3631 1345 3689 AEmilio
1358 3630 1399 3687 P«
1445 3609 1446 3614 ἵ

391 3728 420 3784 in
433 3729 596 3786 ulteriorem
606 3731 791 3806 Hispaniam,
803 3740 911 3805 praeter
920 3750 984 3788 eum
997 3733 1165 3803 exercitum,
1178 3753 1265 3810 quam
1278 3734 1380 3793 all-F·
1399 3754 1405 3760 ‘⁴
1454 3716 1457 3723 ¹

391 3835 563 3906 proconsule
579 3846 749 3909 accepturus
768 3846 857 3906 esset,
880 3837 1095 3909 decretumst,
1118 3848 1149 3895 ut
1171 3859 1315 3898 novorum
1336 3859 1361 3897 m
1391 3861 1394 3880 ¹

392 3936 447 3992 tria
465 3937 555 3994 millia
571 3939 688 3995 duceret
710 3950 738 3996 et
760 3950 904 3997 trecentos
926 3942 1047 4016 equites,
1068 3942 1110 3999 ita
1131 3953 1162 4001 ut
1180 3945 1264 4004 iniis
1282 3948 1343 4004 duae
1363 3970 1380 3993 ν
1402 3965 1404 3969 ’
1450 3925 1452 3928 ‚

361 4039 501 4098 9socium
522 4043 620 4099 Latini
642 4043 775 4114 nominis,
798 4045 883 4102 tertia
905 4046 1010 4102 civium
1033 4049 1234 4107 Romanorum
1258 4060 1339 4108 esset.
1368 4047 1401 4105 1·÷
1451 4112 1457 4121 ¹

391 4144 581 4219 supplementi
612 4147 649 4201 ad
677 4145 711 4206 C.
738 4148 763 4204 F
766 4127 930 4221 laminium}
964 4152 1009 4208 cui
1043 4152 1196 4226 imperium
1236 4153 1398 4230 prorogat)
1449 4124 1457 4147 Ξ

343 4248 419 4302 10in
442 4249 615 4324 Hispaniam
638 4250 798 4308 citeriorem
822 4265 865 4309 est
890 4254 1018 4312 missum.
1068 4257 1110 4316 M.
1122 4259 1265 4317 AEmilius
1277 4258 1390 4336 Lepidus
