3484 5025
301 4418 392 4474 fi

488 491 543 547 162
736 483 955 538 ntaerxxxrx.
992 447 1247 548 (amaruan

412 671 522 730 domni
550 688 656 746 genere
681 669 803 727 licentiae
829 669 994 745 corrupisse
1023 668 1105 726 fama
1134 668 1289 729 attulerat.
1348 670 1451 743 Neque
1477 686 1506 726 es

443 776 507 833 sola
533 775 662 833 infamias
690 784 786 844 erant,
817 793 882 850 quae
909 774 939 831 in
965 773 1117 850 provincia
1137 775 1246 850 procul
1266 776 1309 833 ab
1331 774 1422 833 oculis
1438 773 1504 833 nen

443 884 652 951 narrabantur,
680 881 733 939 sed
754 900 791 938 ea
811 881 899 938 etiam
922 879 1030 955 magia,
1054 897 1119 953 quae
1140 880 1171 937 in
1193 881 1341 941 militibus
1362 881 1423 940 eius
1442 899 1502 956 qno-
1524 959 1526 964 Ι

413 994 429 1047 7
443 989 513 1047 tidie
528 987 771 1063 adspiciebantur.
815 984 952 1042 Luxuriae
967 985 1042 1041 enim
1057 986 1222 1061 peregrinas
1236 987 1326 1064 origo
1341 987 1379 1045 ab
1395 985 1501 1044 exercitu

444 1094 578 1153 Asiatico
606 1094 722 1150 invecta
752 1091 782 1147 in
817 1090 917 1147 urbem
946 1100 999 1152 est.
1054 1090 1080 1147 li
1113 1092 1244 1166 primum
1279 1091 1373 1151 lectos
1405 1102 1497 1160 arctoe

444 1210 553 1255 vestem
576 1197 736 1272 stragulam
759 1196 933 1271 pretiosam,
957 1195 1092 1271 plagulas
1112 1206 1143 1253 et
1164 1196 1227 1254 alia
1248 1197 1376 1267 textilia,
1396 1208 1431 1264 et,
1450 1214 1494 1271 qus

445 1316 505 1362 tum
535 1303 696 1379 magnifica
713 1278 910 1377 'supellectilis
937 1302 1131 1372 habebantur,
1153 1303 1343 1379 monopodia
1362 1312 1390 1361 et
1410 1304 1491 1360 abacos

415 1412 570 1475 8Romam
598 1408 787 1467 advexerunt.
837 1407 922 1463 'lunc
949 1405 1077 1481 psaltriae
1103 1408 1381 1484 sambucistrimque
1399 1418 1427 1466 et
1443 1426 1489 1465 cor

445 1515 554 1572 vivalis
570 1511 658 1591 [ulia]
674 1514 808 1571 ludorum
824 1512 1039 1569 oblectamenta
1052 1512 1154 1570 addita
1167 1488 1285 1589 epulis3'
1295 1515 1390 1591 epula
1402 1530 1489 1589 quoqu

415 1623 516 1696 9ipsae
538 1631 567 1677 et
588 1638 659 1678 cura
680 1629 709 1677 et
730 1628 847 1693 sumptu
869 1617 981 1674 maiore
1002 1617 1141 1693 apparari
1161 1628 1281 1693 coeptoe3
1310 1630 1371 1677 tum
1398 1635 1488 1696 ooqou

447 1727 616 1783 vilissimum
633 1724 759 1799 antiquis
776 1722 952 1797 mancipium
968 1713 1004 1779 etr
1017 1723 1210 1780 aestimatione
1233 1736 1265 1781 et
1289 1743 1354 1794 usu,
1375 1725 1403 1783 iu
1422 1725 1488 1801 pretio

447 1852 510 1894 esse
532 1841 569 1900 et,
592 1830 671 1904 quod
693 1828 881 1886 ministerium
897 1827 1001 1898 fuerat,
1024 1845 1072 1885 ars
1087 1829 1188 1886 haberi
1204 1840 1312 1908 ooepta.
1346 1831 1405 1889 Vix
1418 1840 1489 1888 mun

447 1938 507 2006 itta,
536 1954 600 2010 quae
622 1946 682 1992 tum
711 1934 979 2010 conspiciebantur,
1006 1934 1118 1991 semina
1146 1945 1232 1993 erant
1258 1936 1368 1994 futrum
1387 1934 1488 1993 luxuria

449 2043 483 2099 In
513 2042 659 2116 triumpho
686 2040 752 2097 tulit
770 2038 825 2098 Cn.
848 2039 977 2096 Manlius
1004 2058 1129 2097 coronas
1155 2058 1264 2099 aureas
1295 2042 1418 2099 ducenta
1439 2041 1488 2097 deo

447 2148 540 2203 decim
556 2147 664 2222 pondo,
686 2146 798 2220 argenti
819 2145 919 2220 pondo
941 2144 1066 2202 ducenta
1087 2144 1189 2220 viginti
1211 2146 1316 2219 millis,
1338 2147 1400 2205 auri
1419 2144 1488 2223 pouit

448 2255 506 2310 duo
534 2251 624 2308 millia
653 2261 767 2309 centum
794 2250 866 2318 tria,
895 2252 1087 2332 tetrachmum
1109 2250 1241 2308 Atticum
1271 2261 1388 2310 centum
1415 2246 1489 2327 nm

449 2369 558 2433 septem
586 2356 685 2426 millia,
715 2356 874 2430 cistophori
902 2355 1027 2413 ducenta
1048 2355 1272 2430 quinquaginta,
1299 2357 1489 2434 Philippeum

452 2483 605 2545 aureorum
628 2481 811 2520 nummorum
831 2461 956 2519 sedecim
973 2461 1063 2519 millia
1081 2471 1226 2519 trecentos
1250 2462 1369 2540 viginti3
1390 2474 1417 2521 et
1435 2478 1490 2520 arnt

420 2571 604 2646 2spoliaque
626 2569 716 2625 multa
733 2568 850 2627 Gallica
871 2568 1017 2643 carpentis
1039 2577 1184 2637 travecta3
1206 2569 1298 2626 duces
1316 2571 1436 2628 hostium
1453 2569 1491 2624 duo

451 2689 479 2733 et
511 2675 722 2750 quinquaginta
749 2673 828 2730 ducti
857 2683 925 2730 ante
954 2692 1081 2731 curmm.
1140 2673 1286 2731 Militibus
1318 2675 1491 2750 quadrageni

451 2783 534 2839 binos
560 2780 694 2837 denarios
718 2779 824 2847 divisit,
846 2779 954 2855 duplex
977 2772 1146 2848 centurioni,
1166 2779 1276 2854 triplex
1300 2780 1330 2837 in
1354 2780 1492 2855 equitms

422 2897 438 2951 3
452 2886 625 2960 stipendium
642 2884 750 2959 duplex
764 2883 851 2940 dedit.
881 2883 966 2941 Multi
981 2885 1108 2941 omnium
1124 2884 1260 2941 ordinum
1277 2884 1409 2943 homines
1422 2877 1492 2941 dotti

453 2993 625 3049 militaribus
640 2990 723 3046 donis
739 3008 854 3046 currum
869 2989 960 3046 secuti
976 2999 1056 3058 sunt,
1078 2989 1270 3063 carminaque
1293 3009 1312 3047 a
1328 2984 1459 3047 ¹militibus
1471 3002 1493 3043 es

452 3099 481 3154 in
497 3086 701 3173 imperatorem
718 3095 805 3165 dicta,
829 3104 859 3151 ut
874 3094 960 3151 facile
976 3104 1139 3170 appareret,
1161 3094 1192 3151 in
1208 3075 1313 3152 ducem
1329 3096 1492 3171 indulgentm

453 3203 697 3281 ambitiosumque
720 3219 755 3257 ea
777 3201 846 3270 dioi;
872 3201 1049 3274 triumphum
1077 3217 1140 3256 esse
1163 3199 1285 3255 militari
1309 3201 1403 3278 magis
1420 3200 1494 3260 tarne

423 3317 540 3383 utquam
574 3307 709 3382 populari
734 3307 886 3364 celebrem.
953 3306 1012 3363 Sed
1043 3304 1080 3360 ad
1113 3295 1215 3378 populi
1249 3324 1371 3380 quoque
1400 3305 1493 3383 gratias

453 3413 663 3489 conciliandam
680 3413 766 3469 amici
780 3411 883 3468 Manlii
899 3411 1060 3477 valuerunt,
1077 3410 1182 3484 quibus
1194 3411 1396 3470 annitentibus
1408 3417 1495 3479 scusi!

423 3529 439 3581 5
453 3518 615 3576 consultum
638 3515 748 3573 factum
767 3526 820 3584 est,
842 3526 874 3573 ut
889 3535 925 3573 ex
941 3516 1073 3594 pecunia,
1095 3533 1159 3589 quae
1174 3514 1204 3570 in
1220 3516 1372 3593 triumpho
1387 3514 1496 3576 transl&

454 3633 544 3692 esset,
573 3621 747 3696 stipendium
775 3622 911 3679 collatum
935 3640 953 3677 a
975 3619 1084 3695 populo
1111 3619 1142 3676 in
1163 3621 1333 3695 publicum,
1364 3624 1436 3699 quod
1455 3619 1496 3677 eiu

453 3729 578 3784 solutum
595 3738 682 3783 antea
696 3746 754 3783 non
774 3738 859 3797 esset,
882 3726 1051 3783 solveretur.
1081 3724 1211 3781 Viconos
1227 3727 1337 3801 quinos
1352 3739 1382 3786 et
1394 3727 1497 3786 semme

454 3832 483 3887 in
507 3830 596 3886 millia
617 3831 682 3886 aeris
705 3844 863 3906 quaestores
887 3831 990 3888 urbani
1011 3849 1077 3887 cum
1101 3848 1172 3887 cura
1195 3841 1224 3888 et
1246 3833 1306 3890 fide
1328 3833 1470 3891 solverunt

424 3945 441 4000 6
538 3935 686 3993 Periclem
704 3949 817 4013 tempus
833 3937 940 3994 tribuni
956 3935 1077 3992 militum
1100 3936 1158 3991 duo
1181 3955 1219 3992 ex
1241 3937 1361 3994 duabus
1379 3932 1497 4013 Hirpinis

454 4060 519 4097 oum
542 4040 643 4097 litteris
666 4039 699 4099 C.
715 4040 809 4097 Atinii
829 4051 857 4097 et
880 4041 914 4100 L.
938 4040 1050 4111 Manlii,
1073 4041 1122 4114 qui
1145 4059 1196 4097 ees
1218 4042 1391 4116 provincias
1413 4040 1496 4098 obrue

425 4148 534 4215 thaat,
555 4156 705 4203 venerunt.
753 4146 800 4203 Ex
824 4146 859 4202 iis
885 4147 987 4203 litteris
1009 4143 1155 4220 cognitum
1178 4154 1232 4215 est,
1257 4145 1420 4206 Celtiberos
1438 4141 1497 4204 latfi-

455 4262 597 4326 tonosque
627 4252 658 4307 in
689 4251 776 4308 armis
804 4270 867 4308 esee
896 4260 926 4308 et
946 4252 1091 4308 sociorum
1114 4267 1204 4324 agros
1225 4251 1378 4327 populari.
1422 4253 1461 4310 Do
1474 4261 1499 4303 ot
