3484 5025
473 510 512 567 22
734 510 812 560 Liber
821 509 948 560 xxxvl.
981 510 1030 572 (Δ.
1044 524 1069 562 ιι.
1084 524 1107 561 e.
1123 506 1198 571 ⁶08.)

400 693 619 768 3pertiuaciam
641 696 750 770 culpae,
781 697 811 753 in
837 698 923 754 fidem
950 707 1083 772 receptas
1108 715 1181 755 essa.
1230 695 1347 753 AEtolos
1366 712 1459 769 quaqua,

432 817 598 873 quanquam
614 821 671 858 non
689 804 779 859 secuti
795 803 852 859 siut
866 821 974 877 regern,
996 804 1046 859 sed
1064 801 1259 873 accersieriut,
1280 809 1309 858 et
1322 799 1462 870 dueasbelli,
1501 856 1502 859 ,

429 921 488 958 non
510 905 581 960 socii
603 904 718 976 fuerint,
739 908 764 964 si
786 908 922 982 paenitere
943 908 1064 982 possint,
1087 925 1175 984 posse
1197 917 1227 964 et
1246 907 1396 964 incolumes
1411 924 1462 964 etta
1501 968 1503 976 ,

400 1009 481 1065 4Α(1
498 1029 533 1066 ea
548 1029 635 1085 quum
654 1012 751 1086 pacati
768 1013 838 1069 nibil
854 1014 1079 1089 responderetur
1096 1024 1320 1088 appareretque,
1336 1012 1462 1070 armaret

430 1116 586 1188 gerendam
610 1128 647 1186 et,
669 1136 737 1192 rege
758 1130 906 1193 superato,
927 1120 1033 1177 bellum
1045 1120 1208 1176 AEtolicum
1223 1119 1365 1192 integrum
1376 1127 1464 1188 restuto,

431 1233 528 1276 castra
548 1222 585 1276 ab
603 1223 807 1299 Thermopylis
825 1226 863 1281 ad
879 1225 1053 1282 Heracleam
1071 1226 1178 1295 movit3
1202 1243 1298 1299 eoque
1312 1224 1373 1298 ipso
1385 1223 1463 1294 dieat

430 1324 515 1381 situm
529 1337 659 1385 nosceret
672 1329 761 1398 urbis,
777 1331 814 1386 ab
827 1331 905 1387 omni
917 1342 1000 1404 parte
1015 1350 1091 1404 equo
1104 1331 1213 1387 moenia
1226 1340 1270 1386 est
1283 1329 1464 1390 circumactu

401 1430 495 1487 asia
525 1442 568 1487 est
592 1433 737 1489 Heraclea
763 1433 791 1489 in
817 1436 963 1492 radicibus
985 1436 1065 1492 OEtae
1094 1435 1217 1504 montis3
1245 1435 1313 1509 ipsa
1336 1436 1465 1508 iucanpt,
1503 1485 1508 1492 .

431 1553 527 1590 arcem
565 1536 761 1595 imminentem
797 1540 862 1597 loeo
901 1541 961 1597 alto
997 1550 1026 1597 et
1061 1526 1189 1614 undique
1227 1540 1366 1615 praecipiti
1395 1539 1464 1596 haba

401 1638 651 1715 GContcmplatua
683 1645 798 1714 omnia,
831 1665 896 1720 quaa
930 1646 1077 1703 noscenda
1107 1656 1208 1714 eraut,
1245 1656 1381 1718 quattuor
1407 1639 1465 1700 sind
1505 1677 1508 1684 ·

402 1744 502 1803 llocis
534 1748 654 1820 aggredi
687 1750 786 1806 urbem
817 1752 974 1808 constituit.
1022 1752 1053 1808 A
1081 1752 1200 1807 flumine
1227 1753 1350 1826 Asopo,
1381 1755 1465 1825 quad
1501 1785 1505 1790 -

430 1852 613 1926 gymnasium
641 1831 708 1923 est,
746 1856 781 1913 L.
816 1857 967 1913 Valerium
1001 1859 1137 1932 operibus
1168 1868 1257 1931 atque
1291 1840 1465 1932 oppugna'r'
1501 1891 1506 1896 -

354 2025 376 2036 μ
430 1960 601 2032 praeposuit3
629 1972 740 2033 partem
764 1972 848 2019 extra
870 1981 983 2031 muros,
1009 1982 1073 2037 quae
1094 1962 1276 2047 frequentius
1299 1980 1387 2037 prope
1405 1979 1429 2035 q¹

432 2065 500 2120 urbs
522 2065 724 2135 habitabatur,
753 2067 800 2123 Ti.
823 2068 997 2141 Sempronio
1020 2070 1123 2143 Longo
1154 2067 1381 2143 oppugnandam
1400 2065 1465 2123 tall·

402 2171 449 2227 8a
482 2170 546 2225 sinu
576 2171 720 2240 Maliaco,
759 2191 824 2246 quas
859 2173 969 2229 aditum
1001 2173 1080 2229 haud
1112 2171 1228 2229 facilem
1261 2192 1331 2248 pars
1362 2175 1442 2231 baeu·

431 2275 472 2330 Μ.
484 2275 625 2346 Boebinm,
647 2278 684 2333 ab
701 2277 792 2334 altero
811 2278 965 2346 amniculo,
988 2296 1073 2351 quem
1086 2277 1205 2334 Melana
1221 2287 1339 2348 vocant,
1360 2278 1420 2335 adv
1439 2307 1445 2324 ι
1465 2300 1466 2305 “
1497 2329 1507 2364 ·.

400 2378 535 2438 9Dianre
568 2382 704 2456 templum
743 2385 823 2458 App.
851 2383 1005 2441 Claudium
1033 2384 1179 2458 opposuit.
1245 2384 1360 2441 Horum
1390 2403 1443 2448 msa
1502 2452 1505 2455 ¹

432 2487 587 2542 cartamine
617 2488 692 2545 intra
719 2509 829 2565 paucos
857 2490 918 2546 dies
941 2498 1034 2546 turres
1057 2488 1220 2562 arietesque
1249 2498 1278 2546 et
1306 2489 1378 2546 alius
1402 2483 1465 2545 ouria

383 2598 590 2665 ldapparatus
613 2594 874 2668 oppugnandarum
899 2595 1013 2651 urbium
1037 2595 1191 2670 perficitur.
1249 2595 1289 2652 Et
1318 2614 1400 2670 quum
1420 2608 1467 2668 tgr

431 2697 649 2767 Heracleensis,
682 2701 810 2775 paluster
836 2701 930 2756 omnis
960 2700 1154 2774 frequensque
1184 2702 1316 2774 proceris
1337 2701 1445 2758 arbori¹

382 2808 414 2862 ll
431 2803 554 2876 benigne
582 2806 619 2859 ad
642 2826 727 2862 omne
749 2825 839 2880 genus
862 2826 982 2880 operum
1007 2806 1156 2862 materiam
1180 2806 1398 2881 suppeditabat,
1420 2815 1442 2860 tu
1467 2851 1468 2854 ,

432 2909 500 2980 qnia
522 2909 689 2984 refugerant
710 2913 785 2968 iutra
808 2913 915 2968 moenia
935 2911 1194 2993 AEtolideserta,
1218 2929 1284 2983 quae
1306 2912 1335 2969 in
1356 2909 1442 2967 vesti·

432 3015 510 3070 urbis
535 3028 632 3085 arant,
662 3028 737 3074 tectu
762 3019 791 3074 in
814 3019 912 3074 varios
937 3036 1004 3074 usus
1027 3036 1085 3073 non
1108 3017 1188 3090 tigna
1210 3017 1299 3074 modo
1326 3027 1354 3073 et
1374 3017 1427 3073 ab·

431 3121 481 3176 sed
508 3120 627 3177 laterem
654 3142 770 3197 quoque
799 3136 827 3181 et
854 3132 993 3180 coementa
1024 3133 1052 3179 et
1081 3141 1156 3179 saxa
1179 3123 1269 3178 variae
1294 3116 1458 3197 magnitu'
1467 3147 1470 3159 ¹

336 3220 377 3291 23
431 3231 607 3303 praebebant.
656 3230 695 3285 Et
717 3230 842 3285 Romani
868 3229 984 3302 quidem
1014 3229 1150 3303 operibus
1178 3227 1273 3301 magis
1301 3248 1386 3302 quam
1411 3254 1413 3275 ι
1438 3252 1468 3276 ¹¹*

400 3335 531 3390 2urbem
555 3335 777 3408 oppugnabant,
807 3334 902 3392 AEtoli
921 3344 1023 3390 contra
1044 3334 1133 3389 armis
1154 3351 1186 3389 sa
1209 3334 1374 3396 tuebantur.
1413 3331 1443 3390 Ns
1467 3371 1468 3374 ι

431 3459 519 3513 quum
543 3444 632 3498 ariete
654 3451 840 3514 quaterentur
862 3440 946 3507 muri,
967 3457 1025 3494 non
1048 3438 1170 3512 laqueis,
1194 3449 1226 3493 ut
1247 3439 1339 3508 solet,
1361 3455 1471 3511 excep

431 3545 614 3603 declinabant-
635 3548 722 3614 ictus,
754 3547 804 3602 sed
834 3546 939 3601 armati
968 3542 1133 3617 frequentes
1156 3545 1349 3616 eruntpebunt,
1379 3543 1437 3619 quid

400 3651 510 3724 dignes
538 3653 641 3720 ctiam,
675 3669 748 3726 quos
781 3651 935 3727 aggeribus
969 3650 1130 3718 iniicerent,
1161 3647 1305 3709 ferebant.
1359 3646 1467 3711 Fumi,

430 3775 546 3830 quoque
572 3757 601 3812 in
631 3777 713 3813 muro
740 3766 823 3813 erant
850 3757 911 3830 apti
939 3756 977 3811 ad
999 3754 1223 3821 excurrentium,
1257 3762 1285 3810 et
1311 3754 1382 3830 ipsi,
1406 3772 1452 3827 (qur

429 3881 483 3936 pro
520 3862 621 3918 dirutis
657 3865 806 3919 reficerent
838 3880 951 3930 muros,
992 3861 1152 3917 crebriores
1188 3877 1255 3929 eos,
1296 3870 1329 3917 ut
1368 3859 1443 3935 plan

400 3970 628 4041 ‹lerumperetur
655 3967 683 4023 in
710 3968 821 4024 hostem
851 3967 937 4034 locis,
970 3966 1125 4025 faciebant.
1173 3965 1240 4023 Hoc
1262 3965 1366 4040 primis
1387 3965 1450 4021 die¹

429 4072 497 4128 dum
526 4072 644 4146 integrae
665 4072 742 4128 vires
771 4081 869 4140 erant,
900 4081 927 4127 et
955 4070 1119 4145 frequentes
1148 4079 1177 4126 et
1204 4069 1330 4144 impigre
1357 4069 1458 4126 fecero

399 4177 457 4234 5iu
484 4177 544 4232 dies
575 4178 678 4233 deinde
705 4179 857 4252 pauciores
888 4187 917 4232 et
943 4177 1068 4251 segnius.
1118 4175 1249 4244 Etenim,
1282 4193 1373 4249 quum
1403 4167 1476 4231 malt'!

428 4293 600 4356 urgerentur
619 4283 721 4351 rebus,
753 4282 831 4339 nulla
859 4301 910 4338 eos
936 4301 982 4338 res
1005 4300 1087 4355 aeque
1109 4300 1143 4337 ac
1166 4281 1276 4356 vigiliae
1297 4281 1457 4338 conficieb
