3484 5025
446 500 502 555 1³4
701 495 778 546 maer
792 494 919 548 xxxta.
955 494 1151 559 (acaum.)

399 680 562 757 presidium
590 679 803 757 Hispanam,
828 681 907 756 quod
934 680 965 740 in
991 680 1110 738 castello
1137 690 1216 752 erat,
1247 681 1278 740 vi
1305 681 1359 741 deis

371 788 449 845 aab
482 786 587 845 Rhoda
619 788 744 845 secundo
776 796 862 844 vento
888 786 1043 863 Emporias
1074 796 1262 861 perventum3
1295 787 1336 846 ibi

308 886 329 955 9
400 911 500 951 omnes
525 901 629 968 preter
656 894 750 952 socios
777 893 897 951 navales
923 892 953 950 in
978 901 1085 949 terram
1106 892 1255 968 exposita.
1301 893 1359 952 Iam

399 1000 546 1075 Emporia
563 998 620 1057 duo
635 1000 744 1076 oppida
755 1010 837 1057 erant
852 1018 934 1056 muro
944 998 1046 1058 divisa.
1080 997 1178 1057 Unum
1191 998 1290 1058 Greci
1301 1000 1359 1058 hab

370 1104 565 1181 2aPhocaea,
586 1104 662 1162 unde
683 1114 712 1162 et
730 1104 936 1173 Massilienses,
958 1101 1079 1173 oriundi,
1101 1102 1222 1161 alterum
1245 1105 1360 1181 Hispan

402 1211 535 1271 Graecum
557 1211 694 1287 oppidum
714 1212 745 1269 in
766 1230 846 1268 mare
866 1210 1028 1286 expositum
1046 1216 1138 1266 totum
1154 1211 1254 1268 orbem
1275 1212 1352 1270 mari

403 1318 628 1394 quadringentos
654 1334 758 1392 passus
786 1325 931 1392 patentem
959 1316 1098 1384 habebam
1133 1315 1276 1392 Hispania
1308 1326 1359 1376 retr

401 1443 420 1482 a
455 1424 529 1481 mari
564 1422 650 1480 trium
687 1423 806 1480 millium
843 1440 979 1499 passuum
1020 1422 1050 1480 in
1094 1420 1212 1480 circuitu
1252 1442 1354 1482 murus

370 1531 530 1589 3Tertium
559 1546 650 1605 genus
670 1528 794 1587 Romani
824 1528 918 1585 coloni
945 1529 984 1585 ab
1004 1528 1072 1585 divo
1094 1525 1210 1586 Coesare
1239 1539 1308 1606 post
1332 1531 1359 1588 ds

401 1636 534 1712 Pompeii
553 1636 659 1693 liberos
678 1634 790 1695 adiecti.
835 1634 922 1691 Nunc
942 1634 972 1691 in
993 1651 1097 1709 corpus
1115 1653 1202 1692 tanum
1219 1635 1359 1695 confusi<

401 1741 541 1817 Hispanis
568 1741 663 1816 prius,
693 1750 839 1816 postremo
869 1748 899 1797 et
926 1738 1037 1799 Graecis
1064 1740 1094 1796 in
1120 1740 1266 1798 civitatem
1295 1743 1359 1801 Rau

372 1842 529 1906 ladscitia.
575 1848 745 1916 Miraretur,
776 1846 825 1920 qai
851 1854 913 1903 tum
934 1854 1060 1903 cerneret
1087 1856 1188 1921 aperto
1211 1848 1286 1904 mari
1308 1850 1348 1905 ab

402 1963 494 2030 parte,
516 1954 553 2011 ab
572 1953 664 2011 altera
677 1952 824 2028 Hispania,
845 1961 904 2010 tam
924 1950 992 2008 ferae
1009 1960 1038 2008 et
1052 1951 1194 2010 bellicosae
1209 1953 1299 2026 genti,
1322 1955 1359 2012 oh

403 2078 467 2135 qna
481 2078 527 2117 res
544 2077 594 2116 eos
610 2067 759 2117 tutaretur.
795 2058 956 2134 Disciplina
970 2066 1033 2115 erat
1050 2067 1146 2114 custos
1163 2058 1350 2131 infirmitatis,

372 2162 476 2221 5intar
497 2163 652 2222 validiores
672 2165 780 2241 optime
800 2165 886 2223 timor
909 2164 1043 2224 eontinet.
1102 2165 1221 2221 Partem
1246 2165 1323 2222 muri
1346 2184 1359 2223 u

400 2271 431 2327 in
461 2287 547 2346 agros
579 2269 693 2346 egregie
723 2272 861 2329 munitam
893 2272 1055 2339 habebant,
1092 2288 1151 2326 une
1183 2279 1297 2330 tantum
1331 2270 1359 2330 in

401 2377 546 2453 regionem
558 2386 643 2451 porta
653 2375 797 2450 imposita,
815 2378 895 2434 cuius
915 2376 1046 2434 assiduus
1063 2385 1159 2433 custos
1175 2357 1291 2452 simper
1306 2376 1359 2453 alio

372 2484 389 2541 6
401 2482 615 2557 magistratibus
633 2491 702 2542 erat.
731 2465 826 2540 Nocte
843 2500 912 2559 pars
925 2481 1009 2540 tertia
1020 2480 1123 2539 civium
1138 2480 1167 2537 in
1179 2482 1270 2540 muris
1281 2486 1359 2542 excu'

401 2607 495 2663 neque
506 2589 593 2645 moris
604 2597 713 2646 tantum
726 2596 776 2644 aut
786 2586 858 2662 legis
869 2605 967 2657 causa,
984 2588 1035 2644 sed
1047 2598 1157 2662 quanta
1173 2589 1198 2645 si
1209 2590 1302 2647 hostis
1315 2591 1354 2648 ad

373 2699 388 2752 7
403 2702 486 2763 esset,
497 2695 684 2751 etservabant
692 2693 804 2769 vigilias
814 2700 842 2748 et
849 2692 1035 2750 circumibant
1043 2713 1121 2754 cura.
1142 2674 1309 2770 Hispanum
1317 2715 1359 2754 uer

402 2801 432 2857 in
450 2801 548 2857 urbem
570 2800 757 2875 recipiebant3
781 2817 816 2854 ne
837 2797 892 2874 ipsi
915 2798 1028 2874 quidem
1050 2811 1157 2856 temere
1178 2802 1250 2858 urbe
1270 2803 1359 2861 exced

373 2909 390 2966 8
402 2906 453 2965 Ad
469 2925 548 2963 mare
559 2906 677 2981 patebat
691 2905 822 2962 omnibus
833 2905 940 2975 exitus3
958 2915 1044 2980 porta
1061 2907 1098 2963 ad
1108 2907 1308 2982 Hispanorum
1322 2928 1359 2984 op

402 3029 487 3068 versa
499 3029 645 3085 nunquam
666 3011 721 3068 nisi
741 3009 914 3084 frequentes,
935 3030 1003 3087 para
1024 3012 1108 3069 tertia
1129 3011 1199 3083 fere,
1221 3014 1303 3072 cuius
1325 3034 1359 3090 pr

373 3110 487 3175 9nocte
509 3118 614 3193 vigilia
634 3116 664 3175 in
685 3119 773 3175 muris
793 3117 916 3187 fuerant,
939 3118 1167 3193 egrediebantur.
1215 3118 1316 3178 Causa
1336 3140 1359 3178 ar

401 3223 462 3280 hac
474 3233 548 3280 erat:
567 3224 737 3281 commercio
754 3242 852 3280 corum
869 3224 1002 3299 Hispani,
1018 3223 1211 3299 imprudentes
1232 3225 1332 3295 maris,
1348 3244 1359 3301 p

402 3329 481 3399 bant,
502 3329 680 3404 mercarique
700 3339 728 3386 et
749 3330 803 3405 ipsi
825 3349 869 3400 ea,
891 3348 955 3404 quae
974 3339 1093 3387 externa
1109 3330 1231 3387 navibus
1245 3330 1359 3389 invehar

403 3445 586 3511 stagnorum
610 3436 724 3511 exigere
743 3435 852 3493 fructus
874 3435 1018 3492 iolebant.
1062 3435 1156 3492 Huius
1178 3437 1269 3493 mutui
1291 3455 1360 3495 naas

354 3537 390 3592 10
403 3540 522 3613 derium,
543 3551 575 3599 ut
589 3542 723 3616 Hispana
739 3543 807 3599 urbs
822 3541 933 3599 Graecis
950 3551 1071 3616 pateret,
1092 3541 1227 3599 faciebat.
1265 3543 1358 3600 Erant

402 3666 437 3704 eo
459 3647 586 3725 tutiores,
608 3647 685 3721 qnod
706 3648 759 3704 sub
781 3647 883 3704 umbra
897 3647 1036 3704 Romanae
1056 3646 1188 3703 amicitiae
1207 3647 1348 3720 latebant,

402 3751 476 3809 sicut
495 3752 652 3809 minoribus
673 3752 780 3809 viribus
802 3771 889 3827 qaam
910 3752 1121 3823 Massilienses,
1150 3752 1214 3827 pari
1237 3755 1358 3813 colebas

403 3858 479 3914 Tum
487 3857 970 3933 quoqutonsulemexercitumque
979 3857 1139 3915 comiterac
1147 3858 1269 3934 benigue
1277 3881 1359 3938 accep

356 3961 391 4017 ll
405 3964 520 4020 Paucos
540 3962 581 4021 ibi
602 3972 729 4020 moratus
750 3964 810 4020 dies
831 3963 916 4035 Cato,
937 3965 1004 4020 dum
1027 3964 1199 4039 exploraret,
1221 3966 1271 4023 ubi
1293 3978 1323 4024 et
1344 3987 1359 4044 q

403 4068 528 4127 hostium
549 4068 640 4144 copia
660 4079 767 4141 essent,
788 4079 820 4127 ut
840 4089 877 4127 ne
898 4089 979 4127 mora
1000 4070 1114 4144 quidem
1136 4071 1232 4146 segnis
1254 4085 1346 4145 esset,

357 4172 391 4229 12
403 4175 434 4232 id
454 4183 566 4250 tempus
586 4176 751 4233 exercendis
773 4175 908 4233 militibus
930 4176 1113 4250 consumpsit.
1153 4176 1189 4233 Id
1207 4187 1271 4235 erat
1290 4178 1359 4241 forts

404 4299 458 4356 pus
486 4279 568 4350 anni,
600 4290 632 4338 nt
659 4280 831 4340 frumentum
860 4282 891 4339 iu
921 4283 995 4340 areis
1021 4282 1146 4358 Hispani
1173 4283 1331 4355 haberent3
