3484 5025
456 526 475 580 ‘1
723 517 803 567 Liber
818 513 918 567 XXXI.
955 514 1002 579 (Δ.
1017 528 1043 563 u.
1057 510 1162 573 atta)

383 704 551 762 lviserunt.
607 702 648 759 Et
670 699 774 775 plebeii
794 697 856 756 ludi
875 705 920 754 ter
940 696 995 753 toti
1015 694 1168 753 instaurati
1189 695 1227 751 ub
1250 693 1382 751 aduitus
1402 693 1482 768 plebi

413 808 449 868 L.
477 805 605 881 Apustio
632 803 757 861 Fullone
785 810 815 859 et
844 801 881 874 Q.
911 799 1040 857 Minucio
1068 800 1164 870 Rufo,
1194 799 1244 873 qui
1275 818 1313 856 ex
1344 798 1481 855 aedssitate

377 957 379 961 .
412 920 520 987 praetor
541 917 655 967 creatus
678 917 755 976 erat3
777 917 806 964 et
826 906 907 963 Iovis
930 906 1046 979 epulum
1068 904 1123 961 fuit
1143 905 1278 962 ludorum
1301 920 1401 960 causa.

318 1015 340 1082 5
497 1017 585 1072 Anno
625 1012 854 1087 quingentesimo
896 1010 1135 1084 quinquagesimo
1182 1008 1277 1083 primo
1326 1007 1365 1064 ab
1411 1008 1483 1064 urbe

229 1100 400 1218 {pucff‘ggg
413 1120 539 1189 condita,
560 1120 596 1175 P.
612 1116 741 1192 Sulpicio
756 1116 864 1186 Galba,
888 1112 921 1173 C.
942 1114 1066 1171 Aurelio
1088 1092 1263 1184 consulibus,
1285 1112 1392 1169 bellum
1416 1130 1482 1169 cum

269 1206 276 1222 ’
325 1205 332 1220 ’
393 1202 481 1297 'rege
500 1223 638 1298 Philippo
660 1221 761 1278 initum
784 1229 836 1289 est,
858 1220 959 1295 paucis
980 1219 1127 1276 mensibus
1146 1226 1214 1292 post
1236 1233 1338 1291 pacem
1356 1214 1482 1273 Cartha·

383 1321 589 1401 2giniensibus
612 1326 720 1382 datam.
768 1324 905 1382 Omnium
928 1324 1051 1399 primum
1075 1342 1138 1379 eum
1160 1340 1222 1378 rem
1243 1320 1339 1377 idibus
1356 1318 1482 1389 Martiis,

415 1448 473 1504 quo
502 1430 550 1486 die
578 1437 638 1486 tum
660 1428 826 1485 consulatus
848 1427 992 1499 inibatur,
1022 1430 1057 1485 P.
1081 1427 1224 1500 Sulpicius
1246 1423 1349 1482 consul
1369 1423 1482 1493 retulit3

385 1531 590 1607 bsenatusque
611 1532 746 1600 decrevit,
769 1532 810 1589 uti
831 1532 964 1589 consules
984 1532 1142 1589 maioribus
1157 1531 1259 1587 hostiis
1273 1548 1336 1586 rem
1352 1528 1482 1587 divinam

385 1636 553 1705 discerent,
575 1636 679 1709 quibus
701 1637 756 1693 diis
777 1637 847 1711 ipsis
868 1637 1030 1705 videretur,
1053 1653 1117 1693 cum
1139 1634 1307 1710 precatione
1330 1653 1382 1705 ea,
1404 1633 1483 1707 qnod

415 1750 532 1798 senatus
570 1740 752 1815 populusque
780 1742 931 1799 Romanus
962 1742 999 1798 de
1025 1760 1057 1797 re
1087 1738 1205 1813 publica
1235 1739 1328 1813 deque
1356 1738 1483 1796 ineundo

414 1862 492 1900 novo
521 1843 597 1900 bello
624 1844 654 1900 in
684 1844 781 1900 animo
811 1845 945 1914 haberet,
984 1863 1019 1901 ea
1056 1862 1102 1902 res
1139 1844 1181 1901 uti
1208 1842 1318 1918 populo
1347 1844 1483 1901 Romano

415 1924 559 2021 sociisque
580 1966 615 2004 uc
632 1948 742 2004 nomini
759 1948 865 2004 Latino
883 1950 956 2005 bene
976 1966 1010 2006 uc
1024 1948 1146 2006 feliciter
1161 1948 1303 2017 eveniret;
1325 1948 1484 2005 secundum

414 2071 475 2109 rem
501 2052 628 2108 divinum
650 2052 905 2126 precationemque
926 2060 958 2108 ut
978 2053 1015 2109 de
1032 2072 1064 2110 re
1080 2052 1197 2127 publica
1216 2052 1310 2126 deque
1325 2053 1484 2127 provinciis

385 2159 547 2214 5senutum
579 2157 770 2215 consulerent.
824 2158 884 2213 Per
910 2174 960 2212 eos
990 2156 1051 2213 dies
1078 2166 1241 2232 opportune
1269 2157 1418 2215 irritandis
1447 2156 1485 2215 ad

416 2262 522 2319 bellum
545 2260 649 2317 animis
675 2270 705 2318 et
724 2261 827 2317 litterae
848 2261 887 2317 ab
908 2261 950 2320 M.
973 2261 1095 2318 Aurelio
1117 2261 1215 2335 legato
1243 2269 1272 2318 et
1297 2262 1340 2322 M.
1363 2262 1485 2331 Valerio

415 2366 536 2423 Laevino
577 2374 756 2441 propraetore
801 2363 896 2421 allatae
936 2374 965 2422 et
1002 2365 1224 2423 Atheniensium
1261 2384 1340 2423 nova
1377 2366 1485 2441 legatio

385 2470 511 2540 branit,
542 2488 606 2544 quae
634 2486 733 2543 regem
761 2468 997 2544 appropinquare
1022 2470 1127 2528 linibus
1148 2471 1207 2528 suis
1230 2470 1389 2543 nuntiaret,
1420 2473 1484 2530 bre-

416 2575 503 2648 vique
532 2593 590 2631 nou
621 2591 708 2647 agros
737 2573 840 2643 modo,
874 2574 925 2630 sed
959 2576 1060 2632 urbem
1095 2575 1181 2630 etiam
1217 2574 1248 2631 in
1280 2575 1393 2632 dicione
1425 2577 1485 2633 eius

304 2685 307 2689 '
387 2682 402 2734 7
416 2676 554 2749 futuram,
568 2679 623 2735 nisi
639 2678 708 2751 quid
722 2677 752 2733 in
764 2678 905 2735 Romanis
922 2679 1022 2736 auxilii
1036 2677 1122 2735 foret.
1160 2678 1257 2751 Quum
1272 2680 1487 2738 renuntiassent

417 2782 563 2852 consules,
590 2802 652 2840 rem
681 2781 808 2837 divinam
830 2783 885 2838 rite
906 2792 1055 2858 peractam
1078 2801 1155 2853 esse,
1189 2791 1217 2840 et
1245 2784 1405 2858 precationi
1433 2804 1484 2841 un·

415 2887 513 2943 nuisse
541 2887 611 2943 deos
637 2885 804 2960 haruspices
830 2888 1023 2961 respondere,
1061 2887 1186 2961 laetuque
1219 2897 1288 2945 exta
1318 2888 1424 2960 fuisse,
1457 2899 1485 2947 et

415 2991 606 3065 prolationem
635 2988 735 3045 finium
763 2990 974 3065 victoriamque
996 3000 1025 3048 et
1045 2993 1220 3068 triumphum
1244 2995 1395 3069 portendi,
1422 3003 1483 3053 tum

414 3093 517 3149 litterae
539 3092 650 3149 Valerii
672 3093 843 3167 Aureliique
863 3096 945 3151 lectae
974 3095 1111 3170 allegati
1133 3097 1354 3155 Atheniensium
1381 3100 1482 3160 auditi.

387 3197 541 3256 SSenatus
562 3196 628 3253 inde
650 3197 812 3254 consultum
833 3196 943 3254 lactum
964 3206 1017 3268 est,
1038 3209 1071 3256 ut
1092 3202 1178 3258 sociis
1200 3202 1302 3277 gratiae
1319 3213 1483 3277 agerentur,

417 3301 496 3376 quod
522 3301 571 3357 diu
589 3301 734 3358 sollicitati
751 3320 788 3359 ne
803 3301 961 3359 obsidionis
977 3303 1091 3376 quidem
1109 3316 1188 3363 metu
1206 3307 1263 3364 fide
1280 3308 1483 3379 decessissent3

308 3427 316 3444 ·
385 3406 452 3464 9de
483 3405 591 3462 auxilio
620 3406 758 3462 mittendo
788 3415 848 3462 tum
876 3407 1044 3481 responderi
1065 3408 1196 3482 placere,
1230 3428 1318 3483 quum
1350 3414 1483 3470 consules

415 3510 580 3584 provincias
609 3509 703 3566 sortiti
725 3519 821 3566 essent
842 3518 931 3583 atque
951 3510 976 3566 is
999 3513 1116 3583 consul,
1147 3513 1193 3570 cui
1215 3515 1391 3573 Macedonia
1412 3537 1482 3592 pro·

415 3615 511 3671 vincia
531 3614 681 3682 evenisset,
703 3613 741 3669 ad
762 3613 901 3689 populum
925 3614 1051 3686 tulisset,
1082 3624 1114 3672 ut
1136 3617 1274 3693 Philippo
1295 3619 1358 3694 regi
1379 3622 1481 3679 Mace·

415 3719 523 3775 donum
544 3718 718 3774 indiceretur
737 3717 854 3776 bellum.

322 3812 343 3877 6
498 3823 534 3882 Ρ.
547 3821 675 3896 Sulpicio
690 3821 841 3895 provincia
856 3821 1033 3878 Macedonia
1049 3823 1121 3880 sorti
1140 3825 1243 3895 evenit,
1259 3826 1342 3901 isque
1352 3831 1481 3903 rogatio·

415 3944 481 3982 nem
492 3925 695 4000 promulgavit,
716 3925 964 3983 vellentiuberent
974 3927 1111 4002 Philippo
1127 3928 1189 4003 regi
1204 3931 1480 4008 Macedonibusque,

416 4031 465 4105 qui
493 4030 547 4086 sub
571 4046 661 4102 regno
691 4029 752 4085 eius
782 4038 893 4099 essent,
922 4031 959 4086 ob
990 4031 1110 4088 iniurias
1132 4051 1272 4108 armaque
1290 4037 1373 4095 illata
1394 4041 1479 4097 sociis

384 4131 515 4209 2populi
536 4131 662 4189 Romani
683 4131 789 4188 bellum
811 4131 909 4194 indici.
956 4134 1053 4192 Alteri
1075 4138 1224 4196 consulum
1247 4142 1370 4200 Aurelio
1392 4145 1479 4201 Italia

413 4236 565 4313 provincia
594 4235 704 4308 obtigit.
769 4236 915 4295 Praetores
945 4239 1049 4296 exinde
1076 4242 1170 4300 sortiti
1201 4254 1267 4301 sunt
1297 4244 1331 4302 Ο.
1361 4246 1477 4322 Sergius

413 4342 536 4398 Plautus
551 4340 701 4410 urbanam,
729 4340 766 4413 Q.
781 4341 902 4398 Fulvius
917 4341 996 4402 Gillo
1012 4343 1151 4419 Siciliam,
1174 4347 1209 4421 Q.
1225 4350 1369 4407 Minucius
1384 4351 1475 4410 Rufus
