3484 5025
599 518 678 569 Liber
694 519 753 574 XL.
787 517 837 583 (Δ,
854 516 917 571 (ihr.
937 520 1006 578 179.)
1229 524 1287 579 255

273 704 455 779 phantisque,
484 704 585 762 classis
605 705 682 780 regis
704 696 843 785 antiochi
864 712 953 763 eume
972 704 1081 762 invicte
1103 702 1179 774 fusa,
1208 715 1330 762 contuse

263 797 432 885 ¹fugataque
454 820 506 880 est,
534 810 633 885 ibique
653 830 688 868 eo
709 809 756 867 die
776 828 867 868 naves
886 810 982 887 louge
1003 828 1068 869 cum
1089 810 1222 869 omuibus
1243 810 1328 868 sociis

272 926 365 991 captae
400 916 553 992 sexaginta
589 918 662 977 due).
717 918 764 975 Ea
798 935 898 992 pugna
927 925 1059 993 pugnata
1085 934 1139 975 rex
1165 917 1327 976 Antiochus

271 1024 450 1098 regnumque
464 1025 501 1060 *⁴*
516 1023 588 1081 Eius
608 1023 652 1081 rei
672 1041 742 1098 ergo
763 1022 853 1080 edem
867 1022 996 1094 ,Laribus
1018 1022 1195 1081 Permarinis
1215 1024 1326 1083 vovit.“

270 1128 385 1185 Eodem
405 1128 538 1205 exemplo
558 1128 658 1186 tabula
678 1128 708 1186 in
729 1128 885 1202 mdeIIovis
904 1127 935 1184 iu
949 1125 1094 1203 Capitolio
1116 1146 1205 1204 supra
1225 1129 1357 1193 valvas?

269 1234 333 1291 fixe
353 1242 403 1294 est

355 1340 459 1410 Biduo,
481 1357 540 1414 quo
561 1349 692 1398 senatum
713 1340 843 1416 legerunt
864 1356 1008 1408 censores,
1028 1336 1064 1411 Q.
1084 1339 1205 1397 Fulvius
1225 1341 1326 1398 consul
1379 1341 1419 1412 53

269 1445 418 1520 profectus
432 1445 462 1502 in
476 1446 609 1521 Ligures,
630 1466 684 1523 per
705 1446 800 1505 invios
814 1456 927 1502 montes
941 1443 1088 1519 vallesque
1108 1453 1135 1502 et
1148 1444 1238 1504 saltus
1261 1465 1325 1505 curn

269 1551 398 1608 exercitu
414 1562 619 1627 transgressus,
640 1552 729 1629 signis
743 1551 857 1611 collatis
870 1570 934 1609 cum
956 1552 1040 1608 hoste
1060 1550 1211 1626 pugnavit,
1232 1560 1355 1627 neque2

268 1666 381 1714 tantum
394 1656 456 1715 acie
466 1656 544 1728 vicit,
559 1657 611 1715 sed
626 1670 723 1718 cestre
734 1677 850 1735 quoque
864 1657 967 1716 eodem
981 1657 1028 1715 die
1038 1657 1123 1733 cepit.
1152 1657 1225 1716 Tria
1236 1659 1326 1718 millia
1454 1638 1459 1645 ¹

269 1763 387 1820 ducenti
400 1763 524 1821 hostium
540 1767 604 1821 cusi
616 1773 689 1835 sunt,
699 1759 735 1794 *⁴*
745 1768 830 1841 capti,
841 1764 992 1838 omniaque
1003 1781 1039 1822 ee
1052 1762 1133 1838 regio
1146 1763 1284 1839 Ligurum
1295 1766 1325 1823 in

268 1868 443 1927 deditionem
466 1870 551 1928 venit
588 1867 698 1928 Consul
712 1870 824 1930 deditos
837 1870 868 1928 iu
892 1878 1068 1945 campestres
1089 1886 1176 1944 agros
1196 1870 1354 1943 deduxita

266 1975 461 2051 praesidiaque
488 1977 633 2035 montibus
660 1976 808 2051 imposuit.
850 1972 990 2033 Celeriter
1010 1983 1040 2031 et
1062 1974 1152 2032 Runa
1173 1978 1267 2033 musal
1286 1978 1326 2035 ed

266 2080 359 2138 hortm
378 2090 405 2138 et
425 2100 462 2139 ex
482 2082 632 2157 provincia
651 2082 753 2140 litterae
767 2082 891 2140 Romam
910 2090 1057 2141 venerunt.
1094 2080 1324 2158 supplicationes

266 2188 307 2244 ob
330 2205 380 2244 eas
400 2205 448 2245 res
470 2198 568 2263 gestes
588 2188 619 2245 in
639 2186 764 2246 triduum
786 2187 907 2245 decreta
928 2197 1009 2255 snnt;
1035 2184 1173 2263 praetore's
1198 2190 1353 2263 quadra-l
1434 2173 1436 2177 Α

266 2294 350 2369 ginta
361 2292 463 2351 hostiis
477 2293 635 2351 maioribus
649 2313 703 2370 per
715 2292 940 2369 supplicationes
954 2310 1015 2349 rens
1037 2292 1165 2350 divinem
1186 2293 1323 2355 fecerunt

267 2400 321 2457 Ab
342 2399 432 2457 altero
453 2399 571 2457 consule
591 2400 626 2460 L.
643 2399 754 2457 Manlio
774 2398 846 2456 nihil
865 2399 1006 2456 memorie
1026 2398 1143 2474 dignum
1166 2399 1194 2457 in
1210 2402 1323 2477 Liguri·

267 2507 323 2564 bus
353 2515 396 2563 est
421 2516 543 2582 gestum.
592 2504 672 2565 Galli
693 2504 894 2581 Transalpini,
922 2504 978 2562 tria
999 2503 1089 2565 millia
1108 2504 1267 2577 hominum,
1295 2508 1355 2568 iu5

264 2612 383 2670 Italiam
405 2611 587 2688 transgressi,
604 2613 760 2670 neminem
781 2611 856 2671 bello
877 2610 1059 2680 lacessentes,
1089 2629 1191 2686 agrum
1216 2632 1234 2670 a
1255 2632 1323 2672 con·

264 2717 377 2775 salibus
400 2726 429 2775 et
452 2728 554 2776 senatu
575 2719 726 2795 petebant,
754 2727 787 2774 nt
806 2716 904 2793 pacati
924 2717 979 2775 sub
999 2717 1122 2794 imperio
1142 2721 1242 2794 populi
1264 2723 1323 2781 Ro·
1351 2747 1355 2756 ·

264 2823 347 2882 mani
375 2833 478 2884 esseut.
524 2825 586 2882 Eos
608 2833 725 2881 senatus
747 2823 887 2882 excedere
907 2823 995 2882 Italia
1014 2822 1106 2895 iussit,
1127 2833 1156 2882 et
1177 2827 1353 2897 consulenti

265 2929 302 3004 Q.
322 2927 457 2987 Fulvium
481 2946 609 3002 quaerere
628 2937 658 2986 et
678 2928 909 2988 animadvertere
928 2929 958 2987 in
979 2947 1038 3002 eoe,
1053 2930 1110 3004 ·qui
1130 2932 1273 3009 principes
1294 2943 1323 2992 et

262 3044 400 3094 auctores
420 3033 638 3092 transcendendi
659 3034 752 3110 Alpes
772 3034 902 3094 luissent.

349 3140 460 3199 Eodem
483 3158 560 3197 anno
580 3139 733 3217 Philippus
752 3159 806 3198 rex
826 3142 1030 3213 Macedonum,
1051 3140 1131 3200 senio
1152 3151 1181 3200 et
1201 3162 1322 3202 moerore
1373 3136 1416 3209 54

263 3255 451 3322 consumptus
466 3255 532 3322 post
547 3256 668 3303 mortem
683 3245 744 3317 filii,
764 3246 897 3306 decessit.
933 3247 1351 3322 Demetriade-hibernabatl

263 3371 353 3428 quum
383 3352 526 3410 desiderio
552 3352 656 3410 anxius
687 3352 752 3423 lilii,
780 3361 841 3410 tum
866 3353 1034 3428 penitentie
1053 3353 1229 3412 crudelitatis
1250 3372 1319 3412 eure.

262 3457 438 3517 Stimulabat
459 3458 585 3516 animum
608 3467 638 3517 et
657 3461 732 3519 alter
750 3460 826 3518 filius
846 3459 1028 3518 hauddubie
1044 3471 1073 3517 et
1087 3478 1141 3518 sna
1155 3469 1184 3517 et
1198 3459 1319 3518 aliorum
1333 3463 1350 3518 3

262 3562 399 3639 opinione
424 3584 486 3634 rex,
516 3564 707 3640 conversique
730 3564 760 3622 in
785 3583 850 3623 eum
875 3564 1002 3623 omnium
1025 3565 1110 3636 oculi,
1134 3575 1163 3623 et
1182 3566 1320 3624 destituta

261 3680 408 3742 senectus,
434 3671 499 3728 eliis
527 3670 762 3746 exspectantibus
782 3689 866 3728 auam
887 3681 1025 3742 mortem,
1054 3671 1118 3729 aliis
1142 3691 1178 3730 ne
1199 3692 1318 3748 exspec-

260 3775 389 3832 tantibus
411 3775 537 3850 quidem.
572 3775 639 3850 Quo
660 3777 754 3852 magis
775 3777 945 3852 angebatur,
966 3785 1080 3835 etcum
1101 3796 1137 3835 eo
1152 3777 1348 3853 Antigonusl

259 3882 430 3940 Echecratis
459 3883 549 3953 filius,
580 3899 686 3940 nomen
714 3881 812 3958 patrui
840 3882 983 3958 Antigoni
1012 3882 1124 3953 ferens,
1157 3884 1207 3959 qui
1239 3893 1318 3942 tutor

259 3988 389 4064 Philippi
416 3988 525 4059 fuerat,
553 3988 640 4063 regim
660 3987 706 4046 vir
726 3986 901 4059 maiestatis,
924 3987 1014 4045 nobili
1035 3987 1122 4046 etiam
1144 4008 1248 4066 pugna.
1263 3989 1316 4046 ad-

258 4111 361 4150 versus
376 4091 559 4152 Cleomenem
575 4093 826 4153 Lacedaemonium
847 4093 957 4165 clarus;
977 4103 1101 4157 tutorem
1123 4113 1188 4152 eum
1211 4095 1346 4164 Graeci,5

258 4210 290 4257 ut
326 4199 497 4275 cognomine
532 4219 550 4258 a
585 4199 687 4259 ceteris
718 4199 835 4275 regibus
868 4201 1091 4275 distinguerent,
1126 4200 1315 4276 appellarunt

257 4306 354 4363 Huius
381 4304 479 4364 fratris
510 4305 585 4364 filius
613 4306 779 4382 Antigonus
807 4325 845 4364 ex
876 4306 1027 4365 honoratis
1055 4306 1182 4384 Philippi
1215 4308 1346 4366 amicisd

1435 2063 1454 2098 ,
