3484 5025
420 526 496 583 ,202
678 525 756 576 Liber
772 524 901 576 xxm.
937 522 985 588 (Δ.
1003 538 1030 578 n.
1048 540 1073 578 c.
1088 524 1166 589 5⁷1.)

395 712 578 770 adducebant
601 711 857 786 Philopmmenem,
883 719 1048 786 potueruut.
1096 711 1202 785 AEque
1219 708 1354 767 conferta
1371 697 1461 767 tnrbs'

344 818 449 876 toiter
479 817 622 893 reliquum
653 817 811 885 clauseram
842 825 873 874 et
904 835 992 893 quum
1024 836 1093 893 pars
1127 816 1261 874 maxima
1294 816 1441 873 exclusae

393 923 559 999 spectaculo
580 934 665 993 esset,
686 924 829 980 theatrum
851 931 979 999 repente,
1002 924 1079 998 quod
1094 922 1296 1007 ppopinquum
1318 921 1370 980 via
1382 931 1439 991 erat,
1482 949 1484 964 =

392 1029 609 1105 compleverunt
641 1037 684 1100 et,
716 1039 748 1087 ut
778 1048 813 1087 eo
846 1029 1038 1088 adduceretur
1068 1028 1098 1085 in
1130 1038 1322 1103 conspectum
1348 1026 1441 1103 populi

344 1137 376 1191 11
392 1153 451 1192 una
471 1153 545 1193 voce
559 1153 659 1193 omnes
674 1137 880 1210 exposcebant.
922 1136 1113 1217 Magistratus
1128 1124 1164 1191 ¹et
1185 1134 1343 1209 principes,
1362 1133 1440 1201 veriti,

391 1259 428 1312 ne
460 1260 545 1317 quem
578 1251 689 1299 motum
719 1221 917 1300 misericordia
947 1240 1098 1318 presentis
1134 1240 1211 1297 tanti
1243 1240 1302 1297 viri
1337 1238 1440 1307 faceret,

392 1348 480 1421 qudm
503 1346 576 1405 alios
598 1348 772 1406 verecundia
792 1349 920 1425 pristinae
933 1347 1092 1406 maiestatis
1107 1346 1223 1406 collater
1237 1345 1374 1422 prasenti
1392 1343 1439 1401 fcr-

392 1462 478 1523 tunae,
499 1452 573 1509 elios
592 1453 756 1511 recordatio
776 1453 936 1530 ingentium
958 1453 1125 1512 meritorum
1146 1462 1266 1511 motura
1280 1461 1366 1521 esset,
1385 1470 1440 1527 pm·

342 1557 379 1615 tt
392 1556 438 1615 cul
458 1558 488 1615 in
508 1568 664 1635 conspectu
683 1579 748 1617 eum
770 1569 948 1632 statuerunt,
973 1560 1075 1639 deinde
1096 1560 1204 1636 raptim
1226 1577 1267 1615 ex
1288 1557 1379 1617 oculis
1399 1558 1439 1615 hc·

391 1664 500 1721 minum
523 1665 742 1735 abstraxerunt,
774 1666 887 1725 dicente
914 1676 1038 1743 praetore
1068 1666 1245 1733 Dinocrate,
1279 1682 1359 1733 esse,
1390 1681 1440 1738 qua

391 1770 569 1847 pertinentia
592 1764 630 1828 ad
651 1789 794 1830 summam
813 1772 882 1844 belli
902 1771 1068 1850 percontari
1092 1788 1157 1828 eum
1179 1769 1373 1845 magistratus
1393 1769 1442 1827 vel·

391 1873 459 1938 lent.
506 1875 579 1932 Inde
611 1878 736 1935 abducto
764 1898 798 1937 eo
820 1879 850 1936 in
871 1878 992 1947 curiam,
1021 1885 1050 1934 et
1070 1884 1173 1933 senatu
1194 1872 1319 1945 vocato,
1342 1876 1464 1934 consui·

297 1965 339 2036 50
390 1979 448 2036 tari
468 1990 604 2056 emptum.
649 1984 714 2041 lam
735 1983 1007 2060 invesperascebat,
1030 1992 1059 2039 et
1079 2000 1138 2040 non
1160 1981 1251 2038 modo
1273 1988 1385 2050 cetera,
1404 1979 1444 2038 sed

390 2105 428 2143 ne
448 2086 478 2143 in
500 2087 664 2163 proximam
692 2089 807 2163 quidem
834 2099 949 2148 noctem
979 2089 1031 2147 ubi
1058 2088 1129 2146 satis
1155 2096 1219 2144 tuto
1249 2087 1445 2155 custodiretur,

277 2176 283 2196 ¹
359 2195 591 2270 2expediebant.
646 2193 865 2271 Obstupuerant
897 2196 935 2253 ad
964 2193 1191 2271 magnitudinem
1228 2191 1365 2268 pristinae
1396 2192 1446 2251 eim

391 2298 514 2359 fortuna
535 2300 722 2375 virtutisque,
752 2312 782 2358 et
801 2320 896 2376 neque
918 2301 974 2377 ipsi
995 2303 1113 2359 domum
1135 2300 1268 2376 recipere
1289 2298 1446 2357 custodien-

389 2406 458 2462 dum
480 2406 643 2477 audebant,
670 2427 724 2467 nec
751 2408 885 2483 cuiquam
907 2408 957 2465 uni
979 2407 1139 2466 custodiam
1166 2407 1228 2464 eius
1250 2405 1327 2463 satis
1360 2405 1448 2464 crede·
1482 2485 1484 2492 γ

359 2513 470 2574 libant.
521 2514 690 2572 Admoneat
718 2516 821 2573 deinde
852 2516 986 2590 quidem,
1013 2534 1077 2572 esse
1104 2516 1274 2572 thesaurum
1307 2513 1447 2589 publicum
1482 2530 1484 2597 ἡ

390 2621 557 2686 subterra,
581 2641 654 2680 saxo
669 2623 820 2698 'quadrato
849 2628 987 2695 saeptum3
1018 2639 1053 2677 eo
1085 2619 1196 2677 vinctus
1225 2618 1401 2690 dimittitur,
1427 2627 1449 2674 et
1482 2624 1484 2641 '

390 2744 493 2783 saxum
526 2728 643 2803 ingens,
676 2747 733 2803 quo
767 2726 909 2802 operitur,
942 2726 1076 2784 machina
1107 2724 1371 2801 superimpositum
1404 2737 1447 2783 est.
1482 2713 1484 2735 ¹

359 2832 438 2891 4Ita
457 2833 523 2890 loco
553 2834 650 2909 potius
676 2852 763 2907 quam
785 2832 895 2890 homini
925 2832 1059 2907 cuiquam
1082 2829 1257 2888 credendam
1289 2832 1448 2888 custodian
1481 2874 1484 2942 p

360 2939 460 3008 5rati,
489 2939 581 2996 lucem
608 2939 807 3015 insequentem
836 2918 1085 3015 exspectaverunt.
1133 2937 1259 2993 Postero
1283 2936 1336 2994 die
1359 2937 1448 2994 multi·

390 3045 459 3101 tudo
488 3022 608 3119 quidem
637 3040 766 3120 integra,
798 3065 911 3104 memor
941 3044 1127 3121 pristinorum
1155 3041 1216 3098 eius
1250 3042 1281 3098 in
1306 3043 1447 3101 civitaten

389 3150 573 3219 meritorum,
606 3151 781 3225 parcendum
810 3171 844 3209 ac
872 3171 924 3227 per
950 3170 1015 3208 eum
1044 3148 1173 3206 remedia
1200 3150 1365 3222 quaerenda
1394 3167 1447 3206 esse

358 3257 570 3331 6praesentinm
601 3257 743 3314 malorum
767 3260 940 3329 censebant3
963 3255 1132 3315 defectionis
1154 3263 1302 3325 auctores,
1331 3274 1446 3330 quorun

388 3362 418 3418 in
439 3381 526 3420 manu
547 3382 594 3420 res
615 3364 733 3439 publica
756 3373 833 3433 erat,
856 3363 886 3421 in
913 3372 1025 3421 secreto
1055 3360 1251 3419 consultantes
1282 3379 1389 3419 omnes
1415 3361 1446 3418 cd

388 3488 486 3526 necem
509 3469 570 3526 eius
586 3473 817 3540 consentiebant;
837 3472 889 3527 sed
910 3478 1005 3526 utrum
1028 3474 1207 3524 maturarent
1229 3484 1268 3522 an
1291 3466 1444 3534 differrent,

358 3576 599 3650 7ambigebatur.
645 3577 726 3637 Vicit
746 3596 814 3653 pars
836 3576 950 3634 avidior
971 3593 1072 3650 poenae,
1093 3573 1264 3647 missusque,
1290 3575 1344 3647 qui
1366 3592 1443 3631 vene·

387 3699 455 3737 num
476 3680 573 3738 ferret.
617 3687 748 3760 Accepto
769 3683 874 3760 poculo
898 3681 970 3738 nihil
990 3679 1069 3738 aliud
1089 3678 1216 3735 locutum
1238 3677 1341 3736 ferunt
1363 3699 1442 3755 quan

388 3785 534 3859 quaesisse,
555 3788 579 3844 si
600 3789 750 3847 incolumis
772 3790 915 3865 Lycortas
937 3787 974 3861 (is
996 3786 1068 3842 alter
1088 3784 1247 3857 imperator
1268 3787 1441 3844 Achaeorum

356 3892 462 3963 8erat)
483 3893 651 3968 equitesque
672 3895 840 3955 evasissent.
889 3896 1051 3968 Postquam
1077 3891 1183 3948 dictum
1207 3898 1260 3958 est,
1288 3891 1441 3949 incolumes

301 3999 304 4006 ’
389 4015 460 4067 esse,
484 3999 583 4068 „Bene
597 4001 703 4058 hebet“
729 4001 880 4079 inquitet,
903 3977 1009 4077 poculo
1030 3997 1177 4072 impavide
1192 3996 1348 4066 exhausto,
1370 3997 1441 4056 haud

307 4137 311 4143 -
355 4103 431 4161 cita
451 4104 541 4161 multo
563 4118 629 4180 post
657 4109 824 4184 exspiravit.
872 4109 940 4167 Non
974 4106 1139 4164 diuturnum
1163 4103 1264 4160 mortis
1289 4104 1353 4161 eius
1377 4123 1439 4180 gau·

386 4210 465 4267 dium
498 4216 664 4272 auctoribus
695 4215 878 4273 'crudelitatis
910 4213 974 4272 fuit.
1031 4211 1119 4268 Victa
1150 4227 1277 4283 namque
1312 4211 1438 4268 Messene

387 4316 463 4373 bello
494 4322 717 4392 exposcentibus
744 4321 860 4381 Aeneis
889 4320 999 4377 dedidit
1024 4317 1145 4388 noxios,
1177 4333 1305 4388 ossaque
1333 4317 1438 4375 redditu
