3484 5025
590 471 769 557 meast..
807 504 853 568 (a
873 502 933 556 cnr.
956 501 1026 566 res.)
1215 543 1218 548 .
1250 465 1334 562 259Ι
1415 463 1418 472 ’

296 691 325 748 in
353 690 414 748 dies
443 690 619 751 incremento
648 693 752 751 bellum
782 691 905 761 exarsit3
934 699 1079 767 postremo
1106 689 1236 746 Threces
1262 705 1349 762 quum

297 797 355 853 vim
384 815 419 854 ec
446 795 653 881 multitudinem
683 797 822 855 sustinere
848 796 974 854 hostium
1000 813 1057 852 non
1085 801 1217 870 possent,
1245 792 1351 850 relictis

296 902 506 978 campestribus
532 902 602 960 vicis
629 903 658 960 in
687 911 811 961 montem
842 902 966 978 ingentis
991 900 1152 959 altitudinis
1182 895 1350 975 (Donucam

296 1010 415 1082 vocant)
453 1020 663 1068 concesserunt.
735 1009 801 1082 Quo
827 1028 910 1085 quum
935 1008 1033 1065 subire
1060 1006 1211 1063 Bestaruae
1236 1003 1384 1072 vellenub

297 1112 377 1187 quali
397 1121 566 1188 tempestate
581 1113 684 1173 Gallos
699 1117 856 1191 spoliantes
869 1114 1001 1190 Delphos
1021 1112 1101 1169 fama
1122 1123 1166 1167 est
1186 1119 1350 1186 peremptos

296 1236 378 1289 esse,
414 1219 479 1276 telis
516 1232 575 1276 tum
612 1221 770 1279 Bastarnas
806 1220 998 1295 nequicquam
1034 1217 1072 1275 ad
1106 1216 1175 1292 inge
1210 1215 1349 1272 montium

296 1325 562 1400 appropinquantes
584 1328 736 1401 oppressit
782 1327 887 1401 Neque
908 1325 982 1382 enim
1004 1313 1096 1382 imbre
1117 1331 1227 1379 tantum
1249 1319 1382 1389 effuso‚⁴l

296 1429 362 1485 dein
395 1431 568 1488 creberrime
597 1433 737 1506 grandine
769 1432 863 1490 obruti
895 1440 961 1488 suut
995 1448 1059 1487 cum
1093 1428 1203 1505 ingenti
1232 1425 1350 1503 fregere

296 1534 358 1591 oteli
386 1535 594 1611 tonitribusque
623 1548 652 1594 et
679 1536 840 1615 fulguribus
867 1536 1131 1613 praestringentibus
1162 1532 1251 1590 aciem
1282 1550 1350 1589 ocu·

296 1640 407 1710 lorum;
428 1642 480 1698 sed
500 1641 622 1700 fulmine
642 1644 728 1702 etiam
750 1644 792 1702 sio
813 1644 940 1718 undique
961 1642 1115 1710 micabant,
1136 1651 1168 1698 ut
1188 1638 1247 1716 peti
1269 1638 1383 1695 vide-5
1443 1715 1446 1720 .

295 1760 397 1802 rentur
424 1764 548 1822 corpora
584 1767 636 1806 uec
665 1749 757 1808 solum
787 1749 907 1818 milites,
938 1748 988 1804 sed
1017 1747 1102 1804 etiam
1131 1745 1274 1822 principes
1302 1744 1350 1801 icti

296 1850 441 1908 caderent
500 1854 604 1929 Itaque
633 1874 720 1930 quum
753 1856 892 1932 praecipiti
920 1854 991 1930 fuga
1018 1871 1071 1928 per
1101 1869 1187 1927 rupes
1215 1850 1383 1934 praealtastl

295 1956 451 2032 improvidi
471 1969 665 2019 sternerentur
685 1973 870 2038 ruerentque,
897 1961 1044 2018 instabant
1072 1957 1185 2032 quidem
1212 1955 1350 2033 perculsis

295 2063 443 2134 Thraces,
469 2054 522 2122 sed
546 2066 601 2142 ipsi
630 2067 700 2125 deos
726 2078 858 2125 auctores
886 2065 963 2143 fugae
989 2084 1052 2123 esse
1079 2064 1235 2138 caelumque
1259 2062 1289 2120 in
1318 2080 1349 2119 se

295 2186 380 2224 ruere
412 2170 536 2229 aiebam.
592 2173 735 2249 Dissipati
766 2173 894 2249 procella
925 2192 1011 2248 quum
1041 2181 1179 2245 tauquam
1208 2186 1245 2225 ex
1276 2174 1381 2228 nau-7

295 2272 391 2347 fregio
412 2275 542 2351 plerique
561 2297 716 2338 semermes
737 2280 765 2337 in
788 2291 897 2348 castre,
923 2279 998 2335 unde
1019 2275 1140 2353 profecti
1163 2284 1258 2344 erant,
1284 2274 1348 2331 red·

296 2378 395 2445 issent,
416 2385 581 2454 consultari,
603 2386 673 2460 quid
693 2396 820 2463 agerent,
841 2397 975 2461 coeptum.
1019 2384 1091 2441 lude
1115 2391 1179 2439 orta
1201 2360 1348 2452 dissensio,

298 2483 362 2541 aliis
385 2486 568 2560 redeundum,
590 2491 654 2550 aliis
675 2493 882 2569 penetrandum
904 2491 933 2548 in
956 2487 1136 2547 Dardaniam
1159 2486 1348 2546 censentibus.

296 2591 430 2667 Triginta
458 2594 550 2654 ferme
579 2598 669 2655 millia
689 2599 835 2657 hominum
867 2595 1006 2657 Clondico
1029 2595 1116 2663 duce,
1146 2612 1198 2668 quo
1226 2590 1384 2668 profectid

295 2708 387 2764 erant,
409 2715 613 2775 perveneruut;
640 2715 736 2763 cetera
757 2705 908 2763 multitudo
930 2710 1017 2770 retro,
1040 2718 1098 2774 qua
1118 2707 1246 2768 venerat,
1268 2697 1351 2772 aqui·

295 2802 404 2859 Ioniam
410 2807 553 2881 regionem
560 2812 681 2885 repetiit.
697 2813 821 2870 Perseus
832 2811 1035 2886 potitusregno
1044 2804 1350 2884 interficientigonum
1364 2809 1383 2865 9

295 2907 392 2977 iussit;
424 2921 452 2967 et
483 2911 550 2968 dum
578 2916 705 2974 firmaret
721 2900 794 2987 res,
825 2917 938 2992 legatos
966 2917 1089 2971 Romam
1123 2911 1161 2968 ad
1194 2910 1348 2969 euticitiam

295 3024 447 3089 paternam
469 3019 666 3077 renovandam
687 3023 907 3097 petendumque,
929 3029 960 3076 ut
978 3038 1030 3076 rex
1053 3019 1091 3075 ab
1106 3026 1206 3074 senatu
1221 3014 1350 3091 appella·

294 3133 383 3191 retur,
405 3121 490 3179 misit
533 3125 604 3184 Haec
626 3145 660 3184 eo
682 3145 758 3183 anuo
783 3127 812 3183 in
834 3124 1007 3184 Macedonia
1027 3133 1119 3199 gesta.

380 3229 465 3286 Alter
495 3231 643 3288 consulum
678 3232 714 3305 Q.
742 3231 863 3290 Fulvius
895 3250 931 3289 ex
962 3228 1117 3304 Liguribus
1148 3224 1349 3303 triumphaviti
1405 3221 1445 3295 59

297 3353 381 3408 quem
405 3335 580 3411 triumphum
608 3338 700 3414 magis
721 3341 821 3412 gratiae
844 3358 930 3414 quam
952 3352 1047 3391 rernm
1069 3345 1214 3411 gestarum
1238 3334 1348 3409 tnegni·

296 3439 387 3496 tudini
415 3441 512 3499 datum
542 3443 702 3500 constabat.
754 3444 912 3499 Armorum
944 3424 1090 3497 hostilium
1124 3455 1258 3514 magnam
1289 3439 1380 3500 viml

296 3545 454 3618 transtulit,
490 3549 597 3606 nullam
633 3549 783 3625 pecuniam
820 3546 986 3605 admodum.
1046 3544 1153 3602 Divisit
1191 3554 1288 3602 temen
1318 3545 1349 3602 iu

295 3652 424 3725 singulos
452 3653 555 3711 milites
580 3666 711 3713 trecenos
736 3654 814 3723 eris,
847 3653 955 3728 duplex
986 3650 1213 3721 centurionibus,
1242 3650 1347 3726 triplex

296 3758 394 3832 equiti.
436 3759 517 3816 Nihil
545 3760 574 3816 in
597 3778 631 3816 eo
653 3760 797 3835 triumpho
822 3758 915 3833 magis
936 3758 1047 3833 insigne
1067 3756 1136 3825 fuit,
1160 3775 1246 3831 quern
1269 3757 1380 3832 qnod3

296 3863 371 3921 forte
401 3865 509 3935 evenit,
539 3875 570 3921 ut
592 3865 693 3922 eodem
715 3865 762 3922 die
783 3864 986 3941 triumpharet,
1016 3882 1074 3937 quo
1096 3863 1192 3937 priore
1212 3881 1288 3920 anno
1310 3882 1347 3920 ex

294 3980 420 4045 praetura
441 3970 678 4045 triumphaverat.
721 3969 883 4030 Secundum
908 3970 1082 4046 triumphum
1111 3968 1227 4026 comitia
1249 3967 1380 4038 edixit,4

295 4075 398 4150 quibus
427 4075 516 4132 creati
547 4076 678 4133 consules
705 4087 771 4135 sunt
797 4078 839 4137 M.
866 4076 967 4134 Iunius
993 4058 1116 4145 Brutus,
1150 4078 1189 4134 A.
1222 4075 1347 4131 Manlius

293 4180 395 4238 Vulso.
452 4181 612 4239 Praetorem
642 4182 725 4253 inde,
760 4183 851 4240 tribus
887 4181 1004 4253 creatis,
1042 4181 1157 4239 comitia
1192 4188 1380 4255 tempestesb

293 4286 416 4347 diremit.
464 4286 588 4345 Postero
616 4287 663 4345 die
690 4288 792 4364 reliqui
822 4298 879 4346 tres
908 4287 992 4357 facti,
1022 4297 1089 4344 unte
1116 4286 1190 4345 diem
1213 4296 1346 4362 quartum
