3484 5025
528 515 606 565 Liuor
621 503 757 564 xxxvl?
786 513 832 577 (A.
847 512 908 564 chr.
925 511 995 575 ist.)
1221 516 1257 571 19

264 701 309 759 tlsi
337 702 403 759 loco
430 701 508 758 intra
536 703 713 758 munimenta
739 701 888 757 subductis
915 697 1063 754 ordinibus
1085 706 1301 766 concesserunt3

265 807 302 863 de
335 826 373 863 ex
402 807 483 864 vallo
511 825 603 881 prope
630 806 752 863 alterum
780 806 888 862 vallum
919 805 1010 861 hastis
1037 821 1096 877 prae
1123 820 1154 857 se
1181 803 1301 859 obiectis

265 909 376 969 cerunt.
422 913 463 970 Et
494 913 535 968 ita
565 912 681 968 modica
712 912 833 968 altitudo
865 911 935 968 valli
966 918 1043 976 erat,
1077 916 1109 963 ut
1145 916 1174 962 et
1206 907 1332 966 locuml

264 1018 416 1106 tperiorem
436 1017 474 1073 ad
485 1017 670 1091 pugnandum
687 1017 746 1073 suis
761 1018 902 1091 prabet-et
919 1027 949 1072 et
962 1023 1081 1091 propter
1095 1011 1301 1086 longitudinem

264 1132 388 1179 astarum
410 1122 569 1179 subiectum
592 1123 713 1179 haberet
734 1123 856 1179 hostem.
904 1120 989 1176 Multi
1016 1130 1124 1175 temere
1148 1120 1333 1176 subeuntes8

264 1226 346 1283 allum
376 1228 508 1283 transfixi
536 1238 615 1296 sunt3
648 1236 676 1284 et
709 1238 758 1284 aut
786 1228 900 1302 incepto
929 1226 1011 1281 irrito
1040 1224 1225 1280 recessissent
1254 1231 1305 1279 aut

264 1332 336 1389 iores
358 1333 545 1403 cecidissent,
567 1333 596 1389 ni
619 1335 659 1391 M.
682 1333 804 1390 Porcius
826 1334 863 1388 ab
885 1332 954 1405 iugo
977 1329 1160 1398 Callidromi,
1187 1327 1305 1383 deiectis

264 1438 306 1495 tde
326 1438 438 1496 AEtolis
465 1449 493 1505 et
515 1458 623 1514 magna
643 1458 692 1494 -ex
716 1450 800 1512 parte
827 1438 908 1493 caesis
929 1436 1072 1509 (incautos
1096 1433 1170 1490 enim
1194 1443 1222 1489 et
1243 1432 1304 1507 ple·

264 1562 347 1617 »sque
367 1543 479 1617 sopitos
501 1542 712 1615 oppresserat),
743 1562 830 1617 super
856 1542 1051 1598 imminentem
1077 1541 1179 1596 castris
1202 1539 1303 1595 collem

264 1649 434 1725 pparuisset.
483 1648 591 1704 Flacco
629 1666 687 1703 non
721 1648 821 1704 eadem
861 1646 979 1703 fortuna
1015 1647 1051 1702 ad
1085 1646 1241 1702 Tichiunta
1278 1652 1305 1700 et
1360 1638 1399 1711 19

264 1754 450 1824 hoduntiam,
471 1754 664 1828 nequicquam
687 1754 784 1809 subire
806 1754 844 1809 ad
867 1773 902 1808 ea
924 1752 1043 1808 castella
1064 1761 1180 1819 conato,
1201 1749 1305 1807 fuerat.

264 1860 418 1918 [acedones
446 1860 553 1933 quique
586 1859 634 1914 alii
665 1860 693 1915 in
721 1859 823 1915 castris
852 1859 939 1933 regiis
966 1868 1063 1927 erant,
1095 1857 1204 1932 primo,
1238 1857 1337 1916 dum2

264 1967 343 2023 rocol
370 1966 440 2022 nihil
469 1964 547 2021 aliud
578 1984 664 2038 quam
693 1965 780 2020 turba
807 1973 835 2019 et
858 1982 962 2038 agmen
986 1965 1163 2038 apparebat,
1186 1962 1306 2020 AEtolos

264 2073 368 2141 tedere,
390 2071 455 2127 visa
472 2070 572 2145 procul
591 2088 698 2144 pugna,
720 2069 849 2125 subsidio
862 2070 973 2138 venire3
993 2072 1120 2126 ‘ceterum
1137 2079 1168 2125 ut
1183 2070 1307 2145 primum
1321 2073 1337 2128 3

265 2177 385 2253 ³guaque
414 2187 442 2233 et
469 2194 552 2231 arma
580 2194 617 2230 ex
644 2175 808 2249 propinquo
835 2175 952 2249 cognita
976 2194 1101 2232 errorem
1125 2185 1308 2249 aperuerunt,

264 2294 341 2341 antus
361 2292 481 2357 repente
503 2299 597 2355 pavor
619 2299 718 2336 omnes
740 2280 829 2354 cepit,
859 2290 891 2333 ut
914 2279 1033 2335 abiectis
1057 2281 1145 2336 armis
1166 2279 1307 2354 fugerent.

264 2386 288 2445 :t
307 2389 483 2467 munimenta
505 2396 657 2463 sequentes
678 2385 871 2459 impedierunt
903 2393 930 2440 et
962 2386 1102 2459 ungustiae
1129 2385 1230 2452 vallis,
1257 2392 1339 2459 pert

264 2508 331 2551 uam
359 2492 497 2567 sequendi
530 2500 626 2560 erant,
661 2501 689 2548 et
716 2490 843 2547 maxime
876 2490 1020 2561 omnium,
1054 2493 1132 2565 quod
1163 2491 1309 2566 elephanti

265 2598 395 2654 ovissimi
423 2598 547 2671 agminis
575 2606 672 2666 erant,
705 2614 778 2668 quos
809 2585 897 2670 pedes
926 2615 1002 2672 aegre
1029 2601 1189 2673 praeterire,
1222 2619 1311 2674 eques

265 2705 325 2760 ullo
352 2713 467 2778 poterat
494 2703 597 2770 modo,
629 2702 795 2758 timentibus
826 2702 908 2775 equis
939 2704 1152 2779 tumultumque
1177 2704 1252 2760 iuter
1280 2709 1341 2764 seb

264 2811 395 2870 laiorem,
409 2827 497 2882 quam
519 2808 547 2863 in
570 2807 672 2881 proelio
694 2807 852 2863 edentibus.
903 2809 1093 2883 Aliquantum
1123 2813 1261 2887 temporis
1285 2821 1314 2869 et

267 2915 371 2991 ireptio
393 2923 555 2970 castrorum
577 2890 682 2980 tenuit3
711 2912 890 2986 Scarpheam
918 2922 1015 2971 tamen
1040 2936 1074 2972 eo
1099 2917 1146 2972 die
1167 2916 1313 2973 consecuti

264 3031 316 3077 unt
348 3022 470 3077 hostem.
518 3019 619 3075 Multis
651 3019 680 3074 in
710 3018 774 3092 ipso
807 3019 909 3074 itinere
941 3020 1022 3075 caesis
1056 3020 1220 3096 captisque,
1256 3027 1345 3083 nond

265 3127 332 3200 quis
352 3126 482 3198 virisque
502 3133 632 3192 tantum,
657 3123 708 3178 sed
732 3123 818 3179 etiam
839 3123 1014 3196 elephantis,
1036 3144 1108 3198 quos
1132 3147 1236 3202 capere
1256 3148 1315 3185 non

264 3242 414 3300 aruerant,
435 3228 603 3299 interfectis,
624 3229 653 3284 in
675 3237 771 3284 castra
792 3237 985 3297 reverterunt,
1008 3248 1071 3302 quae
1091 3240 1201 3287 tentata
1218 3251 1252 3288 eo
1270 3234 1345 3295 diei

264 3346 326 3394 otor
346 3339 441 3412 ipsum
462 3352 566 3410 pugnae
587 3344 701 3408 tempus
724 3336 761 3390 ab
783 3333 903 3401 AEtolis,
926 3335 1106 3391 Heracleam·
1123 3337 1318 3395 obtinentibus

264 3444 398 3512 wasidio,
420 3442 482 3498 sins
503 3440 562 3496 ullo
583 3440 662 3496 haud
684 3442 786 3514 parum
810 3438 929 3494 audacis
951 3439 1056 3514 incepti
1075 3438 1176 3497 effectu
1192 3417 1339 3501 fuerants

264 3543 363 3606 Jonsul
389 3547 482 3604 noctis
509 3545 685 3618 insequentis
714 3545 798 3600 tertia
824 3543 925 3616 vigilia
947 3545 1095 3617 praemisso
1123 3548 1252 3620 equitatu
1282 3550 1351 3608 ad8

264 3654 484 3728 ¹›ensequendum
523 3651 651 3737 hostem,
687 3650 771 3723 signa
807 3649 952 3722 legionum
992 3649 1056 3706 luce
1090 3654 1185 3726 prima
1221 3655 1321 3715 movit.

264 3759 446 3835 Aliquantum
481 3756 536 3812 viae
567 3765 745 3830 praeceperat
777 3774 844 3823 rex,
883 3763 915 3808 ut
955 3754 1097 3826 quinon
1131 3768 1197 3815 ante
1234 3763 1352 3832 quam9

264 3860 368 3922 Elateae
408 3865 446 3920 ab
486 3858 578 3917 effuso
612 3859 772 3915 constiterit
803 3877 902 3924 cursu;
945 3860 994 3915 ubi
1033 3862 1157 3935 primum
1195 3863 1324 3937 reliquiis

264 3983 420 4044 pugnaque
443 3975 472 4023 et
493 3965 575 4040 fugae«
593 3964 735 4034 collectis,
764 3983 828 4044 curn
852 3965 1011 4038 perexigua
1032 3985 1118 4024 manu
1141 3969 1324 4024 semermium

264 4074 379 4132 militum
394 4071 562 4131 Chalcidem
579 4088 610 4124 se
626 4070 742 4144 recepit.
770 4071 921 4125 Romanus
937 4071 1081 4143 equitatus
1098 4074 1190 4147 ipsum
1211 4073 1324 4145 quidem
1341 4081 1376 4135 10

264 4194 357 4255 regem
381 4178 492 4235 Elateae
514 4185 662 4232 assecutus
684 4193 743 4230 non
765 4183 822 4241 est;
844 4193 979 4247 magnam
1004 4188 1115 4250 partem
1136 4178 1259 4252 agminis
1277 4186 1328 4233 aut

264 4281 430 4342 lassitudine
461 4282 648 4338 subsistentes
681 4288 730 4335 aut
757 4298 869 4348 errore,
904 4289 936 4336 ut
965 4281 1014 4354 qui
1041 4283 1102 4339 sine
1129 4284 1249 4341 ducibus
1267 4301 1329 4377 ⁸per

1100 4383 1130 4435 2·
