3484 5025
473 514 510 572 52
729 511 808 562 Liber
824 510 939 560 xxm
977 510 1024 574 (Δ.
1036 524 1063 563 ιι,
1076 524 1101 564 c.
1113 510 1187 572 tto.)

429 694 510 771 prius
531 703 584 751 aut
603 703 731 751 veterem
753 694 895 753 deducere
918 694 1091 764 exercitum,
1123 711 1211 767 quom
1240 710 1305 750 cum
1332 691 1492 767 legionibus

399 800 514 858 thoris
551 800 652 857 consul
684 799 822 857 venisset.
890 781 993 857 Sortiti
1021 797 1154 855 consules
1190 796 1376 874 provincies3
1413 796 1493 858 AElit

400 904 535 974 51talia,
566 904 702 978 Quinctio
739 904 913 961 Macedonia
939 904 1045 961 evenit.
1102 905 1247 961 Praetores
1278 903 1313 963 L.
1344 899 1493 962 Cornelius

430 1010 546 1076 Merula
567 1010 719 1086 urbanam,
741 1009 783 1067 M.
808 1007 947 1067 Claudius
969 1008 1107 1079 Siciliam,
1130 1009 1172 1071 M.
1183 1008 1307 1068 Porcius
1319 1006 1492 1080 Sardiniam,

400 1112 466 1176 60.
496 1115 620 1172 Helvius
648 1114 777 1173 Gallium
806 1122 849 1170 est
881 1114 1009 1174 sortitus.
1065 1114 1196 1172 Dilectus
1225 1114 1293 1169 inde
1322 1112 1428 1169 haberi
1453 1121 1493 1169 est

430 1229 557 1295 coeptus,
586 1239 653 1277 nam
677 1230 783 1295 praeter
812 1219 978 1276 consuleres
1001 1220 1143 1289 exercitus
1172 1217 1346 1294 praetoribus
1381 1233 1492 1292 quoque

400 1324 501 1381 iiussi
532 1326 658 1382 scrihere
693 1323 798 1381 milites
831 1332 929 1393 crant,
962 1316 1102 1381 Marcello
1133 1323 1164 1380 in
1196 1322 1325 1381 Siciliam
1360 1330 1492 1396 quattuor

430 1427 519 1484 millia
540 1429 667 1503 peditum
687 1430 798 1486 socium
821 1440 849 1486 et
882 1428 977 1486 Latini
1006 1428 1130 1485 nominis
1159 1437 1188 1484 et
1210 1435 1354 1484 trecentos
1377 1425 1491 1501 equites,

430 1530 536 1589 Catoni
564 1532 594 1589 in
624 1532 789 1591 Sardiniam
826 1550 864 1590 ex
897 1534 999 1591 eodem
1028 1551 1134 1620 genere
1165 1532 1286 1589 militum
1316 1532 1377 1590 duo
1409 1531 1491 1596 millia

399 1639 416 1696 8
429 1637 569 1713 peditum,
590 1639 729 1694 ducentos
751 1638 878 1711 equites,
909 1638 951 1695 its
982 1648 1015 1695 ut
1044 1637 1064 1694 ii
1097 1647 1235 1713 praetores
1264 1639 1373 1707 ambo,
1408 1656 1505 1713 quum-

429 1744 460 1798 in
480 1742 648 1819 provincias
669 1742 825 1812 venissent,
846 1752 960 1800 veteres
982 1743 1159 1800 dimitterent
1181 1742 1294 1818 pedites
1316 1743 1488 1820 equitesque.

400 1849 418 1903 9
515 1847 610 1905 Attali
643 1848 747 1905 deinde
775 1848 853 1923 regis
882 1848 996 1923 legatos
1024 1848 1054 1904 in
1082 1856 1214 1904 senatum
1243 1848 1379 1905 consules
1408 1848 1490 1906 intro·

432 1953 587 2010 duxerunt.
634 1955 661 2011 Ii
681 1973 779 2029 regem
802 1954 895 2011 classe
918 1970 972 2007 sua
994 1951 1142 2026 copiisque
1163 1952 1297 2010 omnihus
1320 1964 1400 2011 terra
1411 1952 1494 2012 mui-

432 2077 571 2134 quorem
590 2061 755 2118 Romanam
777 2059 896 2128 iuvare,
926 2076 1048 2132 quaeque
1074 2056 1250 2131 imperarent
1270 2059 1399 2116 Romani
1428 2077 1496 2132 oon-

432 2164 523 2235 sules,
553 2165 676 2241 impigre
699 2174 787 2239 atque
805 2165 973 2221 obedienter
1002 2164 1040 2220 ad
1069 2182 1133 2220 eam
1155 2162 1232 2219 diem
1264 2161 1370 2222 fecisse
1410 2181 1496 2240 quum
1529 2205 1534 2242 -,

383 2272 419 2327 10
433 2270 644 2345 exposuissent
662 2270 756 2327 vereri
777 2270 922 2340 dixerunt,
944 2289 981 2327 ne
1002 2270 1032 2327 id
1049 2278 1188 2345 praestare
1200 2267 1225 2324 ei
1245 2286 1299 2343 per
1320 2269 1495 2328 Antiochum
1528 2283 1534 2338 ,³

431 2394 530 2450 regem
552 2376 629 2433 ultra
650 2395 708 2432 non
729 2375 843 2446 liceret3
873 2394 997 2433 vacuum
1020 2392 1147 2448 namque
1176 2372 1319 2448 presidiis
1346 2373 1493 2434 navalibus

382 2487 418 2543 11
432 2482 674 2556 terrestribusque
703 2499 823 2556 regnum
855 2480 950 2539 Attuli
982 2479 1160 2536 Antiochum
1189 2479 1343 2543 invasisse.
1393 2480 1490 2555 Itaque

432 2562 566 2644 Attaluui
596 2604 682 2644 orare
702 2598 800 2662 patres
825 2586 1014 2660 conscriptos,
1036 2585 1061 2641 si
1083 2603 1138 2640 sua
1159 2584 1245 2649 classi
1266 2601 1381 2658 susque
1409 2600 1486 2667 opero

432 2690 474 2747 uti
496 2691 534 2748 ad
552 2692 774 2750 Macedonicum
800 2691 907 2748 bellum
929 2690 1052 2760 vellent,
1082 2690 1228 2747 mitterent
1254 2687 1311 2763 ipsi
1333 2689 1483 2765 presidius

433 2799 472 2854 ad
492 2816 613 2872 regnum
636 2797 697 2854 eius
719 2797 886 2865 tutandum
908 2795 933 2852 si
955 2795 985 2852 id
1007 2796 1125 2865 nollent,
1147 2795 1242 2870 ipsum
1263 2795 1302 2850 nd
1323 2813 1380 2853 sue
1400 2791 1498 2881 defer.

385 2911 420 2968 12
433 2904 529 2961 denda
550 2922 614 2961 cum
638 2904 731 2961 classe
753 2921 787 2959 ac
810 2901 930 2976 reliquis
953 2901 1044 2976 copiis
1065 2901 1159 2957 redire
1182 2909 1361 2977 paterentur.
1407 2897 1479 2977 Seps

432 3021 480 3065 tus
500 3009 604 3084 legatis
625 3009 667 3065 ita
687 3008 857 3083 responderi
877 3007 974 3064 iussit:
1010 3005 1097 3078 Quod
1117 3025 1170 3063 rex
1192 3006 1311 3064 Attalus
1333 2984 1478 3063 classense

432 3113 547 3190 piisque
568 3114 634 3172 eliis
654 3115 742 3171 duces
764 3116 916 3172 Romanos
936 3112 1071 3182 iuvisset,
1098 3111 1127 3167 id
1148 3120 1263 3186 gratum
1286 3111 1400 3168 senatui
1419 3120 1495 3177 estttss

383 3226 420 3282 13
434 3219 543 3276 auxilia
564 3237 619 3277 nee
639 3219 719 3295 ipsos
741 3216 1006 3276 missurosAttalo
1022 3217 1162 3274 adversus
1176 3216 1367 3288 Antiochum,
1387 3214 1477 3289 sonim

434 3334 462 3381 et
482 3325 607 3382 amioum
631 3325 733 3401 populi
753 3324 889 3395 Romani,
911 3342 965 3382 nec
980 3323 1073 3381 Attali
1095 3320 1205 3378 auxilia
1226 3330 1390 3380 retenturos
1411 3321 1488 3391 ulus-

385 3434 420 3488 14
433 3447 521 3503 quam
544 3429 606 3505 regi
623 3429 806 3486 commodum
830 3438 920 3499 esset3
942 3446 1057 3501 semper
1068 3426 1204 3501 populum
1220 3426 1386 3485 Romanum
1396 3420 1491 3485 uliso'l-

432 3537 520 3592 rebus
543 3535 662 3592 arbitrio
685 3534 780 3590 alieno
801 3552 900 3603 usum3
922 3543 951 3590 et
965 3531 1135 3607 principium
1152 3540 1180 3586 et
1193 3530 1279 3587 finem
1303 3532 1334 3589 in
1355 3534 1478 3609 potestate,

385 3640 573 3715 thipsorum,
595 3640 645 3713 qui
666 3658 723 3714 ope
744 3659 799 3696 sua
819 3639 911 3697 velint
928 3639 1042 3695 adiutos
1064 3638 1223 3704 Romanos,
1249 3654 1324 3694 esse.
1364 3628 1499 3714 Legatos·

435 3746 473 3801 ud
495 3745 672 3802 Antiochum
698 3745 847 3814 missuros,
871 3745 922 3820 qui
943 3742 1083 3810 nuntient,
1106 3739 1200 3796 Attali
1229 3742 1408 3817 naviumque
1432 3738 1478 3799 sl!

435 3859 464 3906 et
485 3850 606 3907 militum
632 3870 722 3926 opere
747 3851 888 3908 adversus
916 3849 1083 3922 Philippum
1112 3864 1293 3903 communem
1322 3849 1431 3905 hostem
1447 3838 1489 3913 dl·

386 3955 574 4031 16populum
596 3930 791 4026 Romanum⁴
806 3934 921 4030 gratum
951 3971 1016 4009 eum
1044 3950 1188 4008 facturum
1211 3952 1338 4024 senatui,
1363 3953 1387 4009 si
1407 3962 1486 4025 rep

396 4041 401 4051 Ι
435 4061 530 4119 Attali
568 4061 713 4118 abstineat
747 4062 881 4135 belloque
920 4057 1056 4123 absistam
1094 4075 1208 4131 aequum
1238 4074 1318 4131 esse,
1348 4057 1437 4116 socios
1455 4056 1498 4129 ff

435 4167 545 4224 amicos
572 4166 673 4242 populi
694 4165 821 4224 Romani
851 4181 936 4240 reges
967 4162 1042 4219 inter
1073 4179 1105 4218 se
1137 4180 1254 4236 quoque
1281 4162 1365 4238 ipsos
1395 4170 1498 4239 peon
1528 4160 1534 4221 ζ

434 4289 562 4331 Servare·

213 4368 311 4406 -n
