3484 5025
609 542 689 592 Libat·
706 541 832 591 XXXIV.
868 541 917 603 (Δ.
929 538 979 590 Oh.
995 542 1066 604 tet.)
1271 548 1326 603 167

293 723 333 781 ht
352 723 559 781 Euboicarum
578 724 681 781 habuit
702 725 880 792 eivitatium,
903 724 1134 799 admonitusque,
1159 725 1189 781 in
1211 742 1269 798 quo
1291 731 1399 787 sumt

294 845 392 886 rarum
403 828 568 902 accepisset
578 846 629 886 eos
644 839 674 886 et
690 829 720 886 in
732 848 790 904 quo
800 829 985 902 relinqueret,
1000 828 1116 885 dimisit.
1151 829 1368 888 Demetriadem
1382 836 1400 892 3

295 932 362 992 inde
384 933 595 1008 proficiscitur3
616 933 799 1008 deductoque
819 933 965 1009 praesidio,
986 934 1229 1008 prosequentibus
1250 935 1370 1005 cunctis,

297 1037 369 1096 sicut
394 1036 532 1096 Corinthi
554 1047 583 1094 ct
604 1036 759 1109 Chalcide,
788 1039 884 1115 pergit
900 1038 946 1096 ire
967 1038 997 1094 in
1018 1038 1219 1108 Thessaliam,
1241 1038 1291 1095 ubi
1311 1047 1399 1101 nont

298 1141 458 1201 iteranda
487 1143 575 1201 modo
604 1143 736 1201 civitates
764 1152 863 1212 crant,
897 1144 948 1200 scd
976 1162 1014 1201 ex
1042 1141 1121 1201 omni
1150 1143 1313 1200 colluvione
1341 1153 1370 1202 et

299 1245 476 1305 confusione
509 1247 540 1304 in
570 1248 699 1323 aliquam
731 1247 913 1306 tolerabilem
945 1247 1071 1306 formam
1105 1248 1282 1323 redigendoe3
1317 1255 1400 1310 nece

251 1377 262 1412 ·.
301 1351 374 1408 nim
409 1334 574 1427 temporum
608 1354 698 1411 modo
730 1353 808 1411 vitiis
841 1372 876 1410 ac
909 1353 1048 1411 violentia
1081 1362 1110 1410 et
1140 1353 1257 1410 licentia
1287 1354 1370 1429 regia

251 1451 263 1520 ³>
300 1457 409 1515 turbati
431 1468 533 1528 erant,
561 1459 613 1516 sed
639 1458 768 1533 inquieto
789 1458 877 1515 etiam
898 1457 1014 1534 ingenio
1035 1458 1146 1534 gentis,
1177 1475 1231 1514 nec
1252 1457 1370 1514 comitia

252 1531 270 1674 i
303 1577 353 1619 ccc
379 1570 555 1621 conventum
585 1583 639 1621 nec
669 1563 822 1621 concilium
853 1562 942 1619 ullum
971 1581 1031 1620 non
1059 1581 1113 1638 per
1140 1562 1309 1620 seditionem
1334 1578 1370 1619 ec

306 1666 455 1724 multum
487 1668 546 1725 iam
577 1667 645 1725 inde
680 1686 699 1725 a
729 1666 873 1743 principio
906 1667 945 1723 ad
974 1676 1104 1724 nostram
1131 1685 1223 1743 usque
1252 1675 1369 1724 atatem

273 1785 279 1794 ·
309 1771 490 1832 traducemis.
551 1775 583 1831 A
610 1790 698 1831 censu
726 1772 854 1830 maxime
882 1779 912 1827 et
931 1780 1063 1828 senatum
1096 1782 1125 1828 et
1153 1772 1263 1830 iudices
1291 1772 1400 1847 legite

311 1876 553 1951 putendommqne
586 1896 651 1935 sam
682 1885 798 1953 partem
830 1876 991 1933 civitatium
1022 1874 1107 1947 fecit,
1146 1877 1193 1934 cui
1226 1877 1310 1935 salva
1341 1886 1371 1935 et

314 1980 463 2055 tranquilla
484 1983 583 2040 omnia
605 2001 669 2041 esse
691 1983 784 2059 magis
807 1981 988 2055 expediebat

385 2086 434 2144 Ita
457 2104 546 2161 quum
569 2088 782 2162 percensuisset
801 2085 997 2155 Thessaliam,
1019 2104 1073 2161 per
1095 2086 1216 2161 Epirum
1239 2085 1369 2157 Oricum,
1421 2084 1465 2153 52

316 2189 379 2247 nte
419 2200 486 2248 erat
525 2191 713 2263 traiecturus,
758 2190 848 2249 venit.
917 2191 967 2248 Ab
1003 2189 1092 2249 Orico
1134 2189 1226 2264 copiae
1269 2205 1370 2244 omnes

317 2289 488 2352 Brundisium
508 2304 724 2370 transportata.
772 2296 845 2352 Inde
873 2313 926 2370 per
946 2305 1038 2352 tutam
1060 2296 1178 2353 ltaliam
1209 2293 1249 2350 ad
1268 2294 1399 2354 urbem2

319 2413 394 2474 pope
406 2399 630 2475 triumphantes,
651 2419 710 2458 non
732 2400 843 2457 minore
864 2400 981 2475 agmine
1002 2419 1099 2457 rerum
1114 2407 1265 2475 captarum
1281 2414 1369 2471 quam

321 2516 361 2561 uo
380 2524 440 2581 prse
460 2523 494 2563 se
515 2516 597 2575 acto,
624 2514 774 2562 venerunt.
828 2506 991 2580 Postquam
1014 2507 1139 2564 Rumam
1171 2514 1288 2562 ventum
1317 2508 1400 2571 ests

320 2620 419 2668 matus
440 2620 525 2668 extra
543 2612 644 2668 urbem
657 2610 793 2683 Quinctio
815 2611 854 2667 ad
874 2630 922 2668 res
941 2621 1039 2686 gestas
1062 2607 1263 2668 edisserendas
1284 2607 1370 2663 datus

253 2759 260 2785 ,
319 2720 364 2784 ut,
392 2715 614 2790 triumphusque
644 2715 763 2772 meritus
790 2716 829 2772 ab
855 2715 1011 2773 libentibus
1038 2717 1180 2773 decretus.
1228 2708 1401 2770 Triduumt

318 2816 503 2895 trimphavit
550 2820 608 2877 Die
622 2821 717 2896 primo
735 2839 827 2889 arma,
845 2820 906 2877 tela
918 2822 1060 2895 signaque
1073 2837 1149 2877 urea
1164 2827 1193 2875 et
1207 2830 1372 2874 marmorea

313 2923 460 2995 maulia,
490 2925 576 2999 plura
597 2924 736 3000 Philippo
758 2925 909 2999 adempte,
939 2944 1028 3000 quam
1057 2941 1122 2998 quse
1147 2940 1185 2978 ex
1206 2919 1372 2977 civitatibus

310 3038 432 3103 ceperam
461 3018 591 3087 secundo
620 3047 723 3085 curum
752 3039 964 3104 argentumque
992 3028 1101 3086 iactum
1122 3024 1319 3094 infectumque
1342 3027 1372 3074 et

307 3130 456 3208 t'gnatum.
505 3133 611 3191 Infecti
641 3133 753 3208 argenti
781 3132 836 3190 fnit
865 3129 1139 3207 quadragintatria
1161 3126 1252 3182 millia
1271 3121 1401 3196 pond05

276 3224 279 3235 ¹
305 3237 475 3296 seducente
491 3238 688 3313 septuaginta,
709 3236 780 3294 facti
800 3256 875 3294 vasa
896 3237 987 3293 multa
1007 3234 1101 3291 omnis
1121 3228 1246 3305 generis,
1267 3224 1371 3281 ⁰⁸³¹ssss

303 3340 456 3417 pleraqum
481 3343 615 3417 quedam
638 3341 751 3398 eximite
772 3343 858 3413 artis,
890 3350 978 3398 etex
999 3356 1055 3395 aere
1077 3334 1169 3392 multa
1188 3325 1370 3392 fabrefacta3

254 3492 258 3517 ,
301 3445 340 3503 ud
369 3447 429 3505 hoc
460 3447 556 3522 clipea
587 3456 727 3521 argentea
757 3446 866 3503 decem.
930 3442 1044 3518 Sigueti
1075 3434 1189 3512 argenti
1222 3425 1402 3501 oomgintoss

282 3550 440 3625 'mutuor
468 3551 559 3608 millia
585 3550 668 3608 fuere
689 3551 868 3620 Atticorum3
898 3549 1059 3606 tetrachma
1084 3546 1205 3605 vocaut3
1236 3538 1373 3605 quattuor

297 3650 360 3713 sue
379 3655 567 3713 denariorum
581 3655 611 3712 iu
625 3655 746 3730 singulis
761 3654 874 3729 argenti
890 3662 935 3710 est
950 3650 1072 3727 pondus.
1112 3640 1190 3701 Auri
1206 3635 1304 3713 pondo
1319 3629 1401 3687 fuiti

298 3760 356 3819 bia
386 3760 482 3819 millia
512 3759 697 3835 septingenta
731 3758 962 3834 quattuordecim
994 3763 1024 3809 et
1055 3748 1181 3822 clipeum
1213 3754 1302 3796 unum
1336 3750 1374 3789 0¹

298 3882 371 3923 auru
409 3874 505 3923 totum
540 3874 570 3922 et
600 3864 746 3939 Philippei
773 3863 884 3920 nummi
911 3859 992 3918 aurei
1020 3843 1255 3929 quattuordecim
1285 3835 1375 3893 millia

298 3969 450 4045 quingenti
483 3970 725 4044 quattuordecim.
785 3967 889 4026 Tertio
920 3965 968 4021 die
999 3972 1118 4018 corone
1151 3962 1265 4010 turm,
1297 3935 1404 3995 ⁶⁰¹¹ssss

296 4074 479 4144 ivitatium,
515 4073 630 4131 tralata
659 4080 773 4129 centum
800 4066 1047 4145 quattuordecim
1080 4067 1111 4114 et
1127 4049 1244 4110 hostia
1274 4043 1375 4105 dueta,

295 4188 324 4239 st
355 4187 427 4237 ante
456 4194 574 4235 cun-um
606 4175 688 4232 multi
707 4175 820 4232 nobiles
841 4172 950 4248 captivi
971 4166 1169 4233 obsidesque,
1199 4151 1275 4204 inies
1304 4138 1406 4255 q⁰⁰ff9

293 4282 477 4354 mmmm
494 4282 574 4358 regn
585 4279 715 4356 anppi
729 4279 814 4351 suus,
828 4278 883 4336 fun
898 4285 928 4333 a
943 4277 1101 4332 Armenes
1121 4251 1251 4316 Nabidis
1264 4257 1378 4320 symm
