3484 5025
478 506 516 564 82
741 505 819 557 Liber
833 505 948 560 XXXII.
985 506 1031 572 (A.
1041 521 1067 563 u.
1077 521 1102 563 a.
1112 507 1184 571 667.)

405 689 588 766 bsicyonem
611 690 776 748 transmisit.
813 692 877 749 Iam
896 692 937 751 ibi
952 693 1071 751 Attalus
1092 701 1168 763 erat3
1189 692 1239 768 qui
1260 710 1350 767 quum
1370 700 1486 769 tyrsum

436 797 473 853 sd
487 798 650 856 Romanum
665 796 879 872 imperatorem,
899 818 957 857 nou
978 801 1113 857 Romano
1134 798 1172 856 ad
1193 806 1349 874 tyrannum
1369 799 1487 858 eundum

433 903 558 973 diceret,
586 903 615 959 in
639 904 809 961 sententiam
830 924 912 963 suam
934 905 1097 978 Quinctium
1119 903 1265 974 traduxit,
1286 922 1324 961 ne
1345 904 1376 962 iu
1394 904 1488 963 mem
1526 899 1530 986 j

403 1009 526 1084 dipsam
555 1011 654 1084 Argos
682 1010 744 1072 iret.
810 1012 898 1068 Haud
936 1011 1037 1086 procul
1068 1011 1140 1068 urbe
1171 1009 1326 1086 Mycenica
1359 1019 1489 1082 vocatum
1528 999 1530 1004 ⁵

404 1115 461 1172 tiu
483 1133 517 1172 eo
538 1115 603 1172 loco
625 1125 657 1172 ut
677 1117 928 1191 congrederentur,
949 1116 1090 1174 convenit.
1142 1115 1292 1189 Quinctius
1317 1134 1385 1174 cum
1405 1116 1490 1176 fratrs

433 1229 462 1277 et
493 1220 614 1278 tribunis
646 1221 765 1279 militum
799 1224 915 1298 paucis,
959 1224 1077 1281 Attalus
1117 1242 1182 1281 cum
1224 1222 1305 1297 regio
1347 1223 1489 1294 comitem,

419 1326 626 1397 Nicostratus,
648 1330 821 1387 Achaeorum
844 1339 963 1405 praetor,
985 1348 1049 1386 cum
1071 1327 1259 1386 auxiliaribus
1280 1328 1385 1403 paucis
1407 1329 1487 1389 veris

404 1431 602 1509 8Tyruunum
636 1434 676 1490 ibi
711 1452 775 1491 cum
805 1435 938 1492 omuibus
952 1417 1057 1508 ¹copiis
1086 1434 1282 1509 opperientem
1311 1433 1488 1496 invenerunt
1519 1489 1522 1498 .

432 1540 610 1614 Progressus
638 1550 767 1597 armatus
795 1559 859 1600 cum
888 1540 1056 1598 satellitibus
1085 1539 1204 1596 armatis
1233 1550 1293 1605 est„
1307 1541 1338 1599 in
1369 1542 1487 1601 medium

433 1642 494 1701 fere
523 1644 716 1702 interiacentis
746 1647 856 1722 campi3
895 1646 1011 1703 inermis
1050 1645 1200 1719 Quinctius
1236 1663 1302 1705 cum
1337 1647 1432 1707 fratre
1463 1656 1489 1708 st

434 1751 547 1808 duobus
569 1747 689 1809 triburiis
710 1752 845 1822 militum;
874 1752 975 1809 inermi
1003 1752 1070 1809 item
1098 1753 1160 1827 regi
1187 1762 1294 1827 praetor
1317 1754 1486 1813 Achaeum

403 1856 463 1915 bet
486 1876 559 1916 unus
580 1878 617 1914 ex
638 1859 803 1933 purpuratis
823 1859 899 1916 latus
921 1859 1082 1933 cingebant.
1138 1858 1255 1917 Initium
1283 1860 1428 1918 sermonis
1454 1861 1488 1919 ub

434 1965 618 2022 excusatione
646 1965 760 2040 tyranni
787 1974 897 2035 ortum,
935 1965 1013 2038 quod
1049 1973 1177 2021 armatus
1215 1964 1277 2039 ipse
1317 1965 1488 2040 armatisque

433 2079 557 2145 saeptus,
605 2088 693 2145 quum
729 2069 852 2127 inermes
891 2072 1054 2129 Romanum
1093 2070 1298 2145 imperatorem
1339 2087 1487 2146 regemque
1504 2111 1528 2134 -,

434 2186 578 2247 cerneret,
606 2177 636 2234 in
658 2176 831 2250 colloquium
853 2176 994 2245 venisset3
1026 2195 1120 2250 neque
1147 2175 1221 2232 enim
1249 2194 1281 2232 se
1303 2176 1371 2233 illos
1395 2176 1486 2234 timer!

386 2304 417 2357 ῃ
434 2280 523 2351 dixit,
555 2281 607 2339 sed
635 2282 749 2339 exsules
777 2282 966 2357 Argivorum.
1024 2283 1096 2339 Inde
1131 2282 1180 2339 ubi
1213 2282 1249 2338 de
1277 2281 1485 2341 condicionibus

434 2388 565 2445 amicitias
586 2399 710 2463 coeptum
730 2387 778 2463 agi
799 2397 859 2457 est,
881 2389 1030 2446 Romanus
1051 2387 1124 2444 duas
1145 2386 1294 2462 postulare
1314 2407 1379 2460 res,
1398 2407 1485 2458 unam,

435 2503 467 2550 ut
487 2493 593 2551 bellum
614 2513 678 2551 eum
702 2494 817 2553 Achoeis
839 2494 942 2565 finiret,
966 2494 1096 2565 alteram,
1118 2502 1150 2550 ut
1171 2494 1311 2552 adversus
1326 2495 1484 2572 Philippu·

387 2599 423 2651 ¹0
436 2601 559 2658 mitteret
579 2618 676 2658 secum
696 2601 813 2658 auxilia.
853 2602 899 2658 Ea
920 2618 951 2656 se
973 2600 1125 2657 missurum
1148 2600 1236 2669 dixit3
1257 2619 1313 2675 pro
1334 2621 1408 2676 pace
1428 2619 1485 2658 cun

436 2707 551 2765 Achaeis
571 2707 687 2764 indutiae
707 2707 877 2781 impetratae,
898 2707 991 2764 donec
1006 2707 1110 2764 bellum
1130 2724 1194 2762 cum
1205 2705 1343 2782 Philippo
1358 2707 1489 2764 finiretur.

341 2800 387 2870 40
435 2814 482 2870 Dc
504 2813 593 2888 Argis
615 2831 731 2888 quoque
752 2813 921 2888 disceptatio
944 2815 981 2869 ab
1003 2811 1105 2870 Attalo
1126 2830 1195 2887 rege
1216 2821 1261 2868 est
1284 2823 1383 2884 mota,
1407 2828 1492 2888 quun

435 2920 537 2978 fraude
564 2918 702 2977 Philoclis
738 2918 883 2993 proditam
913 2921 1012 2977 urbem
1043 2917 1073 2975 ri
1101 2919 1138 2976 ab
1167 2937 1202 2975 eo
1231 2918 1323 2975 teneri
1353 2924 1496 2993 argueret,

404 3020 483 3084 2ilte
514 3026 551 3083 ab
578 3026 648 3101 ipsis
669 3025 789 3099 Argivis
817 3042 848 3082 se
874 3024 1040 3082 defenderet
1069 3024 1201 3082 accitum.
1249 3021 1421 3082 Contionem
1440 3038 1499 3082 rat

436 3132 613 3207 Argivorum
628 3131 803 3206 postulabat,
824 3140 855 3187 ut
874 3130 904 3187 id
918 3129 985 3187 sciri
1000 3140 1111 3206 posset3
1133 3148 1187 3186 nec
1199 3139 1339 3205 tyrannus
1355 3132 1496 3195 abnuam

436 3239 486 3295 scd
508 3239 636 3296 deductis
657 3256 695 3295 ex
713 3237 783 3294 urbe
796 3235 935 3312 praesidiis
948 3236 1068 3293 liberam
1084 3236 1255 3306 contionem,
1277 3254 1337 3293 non
1357 3232 1501 3292 immixti·

437 3343 677 3414 Lacedaemoniis,
714 3343 941 3412 declaraturam,
979 3342 1049 3417 quid
1077 3341 1182 3416 Argivi
1211 3341 1333 3413 vellent,
1373 3333 1500 3418 pretori

406 3445 541 3507 3dcbcre
561 3449 676 3506 dicebat
696 3468 763 3517 rex;
792 3458 931 3525 tyrannus
958 3448 1075 3524 negavit
1097 3436 1295 3504 deducturum.
1341 3447 1414 3504 Haec
1434 3443 1499 3501 dis·
1523 3494 1530 3567 1

406 3554 560 3631 scopatio
591 3556 652 3612 siue
680 3554 757 3611 exitu
786 3553 849 3611 fuit.
897 3556 944 3611 De
973 3553 1117 3628 colloquio
1146 3553 1320 3623 discessum,
1352 3547 1497 3609 sorensis

437 3660 621 3718 Cretensibus
660 3662 697 3717 ab
738 3668 861 3735 tyranno
902 3659 977 3716 datis
1012 3661 1161 3728 Romano,
1207 3659 1384 3734 indutiisque
1419 3659 1497 3716 inter
1527 3718 1530 3733 Ι

436 3767 642 3836 Nicostratum,
653 3776 804 3842 praetorem
813 3767 997 3836 Achaeorum,
1008 3764 1330 3823 etLaoedaemoniorum
1341 3773 1492 3842 tyrannum
1525 3760 1530 3803 ·'

436 3873 465 3930 in
489 3881 625 3947 quattuor
646 3891 757 3930 meuses
778 3871 872 3930 factis.
1277 3930 1280 3937 ,

406 3977 424 4032 5
519 3977 592 4034 Inde
620 3978 770 4051 Quinctius
800 3976 970 4035 Corinthum
1000 3986 1043 4035 est
1070 3975 1217 4052 profectus
1247 3986 1276 4034 et
1310 3977 1350 4034 ad
1378 3983 1482 4052 pertua

438 4102 501 4141 cum
524 4082 702 4143 Cretensium
724 4086 842 4142 cohorte
863 4083 998 4153 accessit,
1027 4091 1059 4140 ut
1079 4081 1216 4152 Philocli,
1245 4081 1383 4158 praefecto
1405 4074 1479 4141 urblts

407 4190 603 4267 dapparerst,
633 4199 785 4266 tyranuum
815 4210 833 4246 a
857 4189 994 4264 Philippo
1023 4187 1157 4245 descisse.
1201 4187 1348 4247 Philocles
1377 4197 1405 4246 et
1428 4186 1476 4260 ipa

437 4295 475 4352 ad
502 4295 705 4371 imperatorem
727 4297 891 4354 Romanum
922 4296 951 4353 iu
978 4294 1151 4368 colloquium
1175 4293 1270 4366 venit,
1299 4293 1472 4367 hortantiqtb

1521 4436 1530 4517 l
