3484 5025
477 514 517 571 90
730 508 809 559 nna
824 506 953 561 mm.
989 505 1203 572 (suomet.)

405 697 527 772 9copiis
547 694 699 754 confestim
720 701 866 768 sequatur,
886 691 1020 767 imperat.
1065 691 1176 763 Primo,
1196 700 1234 749 ut
1249 691 1283 749 in
1295 692 1480 769 ingumernd

435 812 473 873 et,
494 802 653 860 iacentibus
673 800 714 858 ibi
734 800 835 875 paucis
856 797 944 856 armis
961 798 1187 874 corporibusque
1202 797 1352 872 hostium,
1373 800 1481 875 proelim

435 925 470 963 eo
497 907 563 964 loco
591 906 680 965 fuisse
709 907 865 982 pulsosque
893 904 961 961 inde
989 905 1138 962 Romanos
1173 911 1203 960 ct
1243 905 1380 980 pugnari
1415 925 1483 982 propt

387 1022 422 1075 10
435 1021 530 1070 castra
550 1013 676 1070 hostium
697 1011 778 1082 vidit,
799 1010 908 1085 ingenti
928 1009 1035 1085 gaudio
1058 1019 1101 1068 est
1122 1010 1231 1081 elatns;
1263 1029 1342 1070 mox
1362 1011 1484 1089 refugim-

434 1120 510 1177 tibus
537 1120 596 1176 suis
625 1128 654 1177 et
680 1129 790 1175 terrore
816 1134 917 1188 verso,
944 1116 1092 1192 paulisper
1118 1115 1262 1188 incertus,
1294 1133 1340 1173 an
1362 1116 1395 1174 in
1411 1125 1484 1175 eam

386 1232 419 1288 ll
434 1225 574 1300 reciperet
600 1224 714 1299 copias,
742 1223 910 1299 trepidavit3
942 1222 1046 1279 deinde
1071 1230 1103 1278 ut
1124 1221 1395 1297 appropinquabat
1414 1223 1484 1282 hosti

435 1341 472 1403 et,
493 1340 683 1407 praeterquam
706 1330 783 1403 quod
802 1328 985 1386 cedebantur
999 1327 1095 1386 aversi
1108 1344 1169 1397 nec,
1190 1326 1249 1383 nisi
1266 1327 1484 1399 defenderem

434 1437 545 1493 servari
571 1445 718 1511 poterant,
751 1453 787 1492 ne
812 1434 869 1510 ipsi
892 1433 1007 1509 quidem
1038 1434 1067 1489 in
1092 1440 1154 1489 tuto
1182 1432 1244 1490 iam
1268 1444 1412 1510 receptus
1432 1444 1484 1505 eru,

387 1548 421 1606 12
434 1549 568 1612 coactus,
597 1543 724 1606 nondum
753 1551 886 1599 assecuta
910 1549 994 1615 parte
1020 1556 1155 1609 suorum,
1185 1538 1355 1613 perieulum
1386 1559 1484 1599 sumna

435 1666 531 1705 rerum
560 1646 671 1718 facere,
709 1647 819 1722 equites
845 1646 996 1721 levemque
1026 1653 1219 1716 armaturam,
1254 1646 1307 1721 qui
1340 1648 1374 1705 in
1402 1647 1483 1724 ptulit

355 1789 360 1799 ,
387 1762 422 1818 13
434 1753 561 1824 fuerant,
589 1754 708 1811 dextero
728 1754 758 1810 in
780 1771 869 1810 cornu
889 1753 981 1823 locat,
1008 1762 1140 1810 caetratos
1161 1761 1188 1809 et
1207 1754 1412 1812 Macedonum
1430 1755 1483 1830 pha

434 1862 548 1935 langem
581 1860 672 1916 hastis
704 1859 820 1934 positis,
857 1877 978 1933 quarum
1007 1858 1157 1933 longitudo
1186 1858 1403 1935 impedimento
1431 1867 1485 1930 erut

350 1945 352 1952 Ι
387 1967 538 2041 l4gladiis
558 1986 619 2024 rem
640 1984 740 2042 gerere
757 1965 845 2026 iubet.
885 1964 986 2034 Simul,
1007 1984 1044 2022 ne
1058 1963 1143 2023 facile
1157 1976 1402 2041 perrumperetur
1417 1968 1485 2036 adea

434 2073 582 2130 dimidium
614 2074 651 2130 de
680 2071 777 2129 fronte
812 2071 960 2145 demptum
996 2070 1137 2128 introrsus
1169 2071 1313 2146 porrectis
1353 2073 1485 2132 ordinib!

434 2180 576 2255 duplicat,
609 2188 642 2237 ut
666 2180 754 2254 longa
780 2178 877 2253 potius
905 2196 992 2251 quam
1019 2176 1081 2233 lata
1108 2177 1186 2234 acies
1212 2186 1304 2247 esset3
1349 2178 1436 2238 simul
1465 2187 1486 2236 rt

434 2286 549 2343 densari
570 2286 684 2343 ordines
704 2284 802 2354 iussit,
834 2292 866 2339 ut
894 2282 940 2340 vir
965 2282 1044 2352 viro,
1070 2300 1154 2339 arma
1181 2283 1270 2339 ermis
1299 2282 1486 2361 iungerentur.

341 2390 363 2457 9
433 2391 584 2465 Quinctius
610 2392 660 2463 iis,
689 2390 739 2465 qui
765 2390 795 2447 in
822 2389 925 2464 proelio
952 2387 1082 2459 fueraut,
1110 2388 1184 2445 inter
1211 2388 1296 2464 signa
1327 2400 1361 2448 et
1390 2391 1486 2449 ordinet

401 2497 572 2572 usucaptis,
600 2498 671 2555 tuba
698 2498 749 2554 dat
774 2496 898 2571 signum.
941 2496 1021 2554 Raro
1043 2494 1117 2552 alias
1139 2502 1235 2553 tantus
1257 2493 1378 2555 clamor
1398 2497 1486 2556 dicim

430 2603 461 2659 iu
490 2604 631 2678 principio
659 2621 763 2678 pugnae
789 2612 920 2672 exortus;
952 2621 1019 2659 nam
1049 2600 1125 2659 forte
1154 2610 1277 2676 utraque
1305 2603 1391 2661 acies
1417 2602 1487 2662 simul

431 2709 666 2779 conclamavere,
697 2727 750 2765 nec
777 2709 869 2765 solum
892 2708 942 2782 qui
962 2709 1145 2783 pugnabant,
1178 2707 1230 2763 sed
1253 2709 1394 2767 subsidia
1413 2709 1486 2768 eum

400 2813 538 2887 3quique
558 2823 619 2869 tum
641 2813 766 2870 maxime
786 2813 816 2870 in
830 2814 962 2889 proelium
973 2814 1138 2871 veniebant.
1179 2815 1312 2871 Dextero
1336 2833 1431 2873 cornu
1445 2832 1486 2872 rex

430 2919 487 2976 loci
508 2919 661 2995 plurimum
683 2920 806 2990 auxilio,
835 2940 871 2977 ex
892 2921 967 2995 iugis
989 2920 1139 2977 altioribus
1165 2938 1314 2995 pugnans,
1347 2923 1485 2989 vincebat

431 3026 563 3096 sinistro,
593 3036 652 3082 tum
680 3045 768 3100 quum
796 3026 922 3083 maxime
951 3026 1202 3101 appropinquante
1224 3027 1387 3102 phalangis
1408 3036 1486 3104 parto,

431 3150 496 3206 quae
516 3131 665 3188 novissimi
686 3132 808 3208 agminis
829 3132 939 3202 iuerat,
972 3133 1033 3189 sine
1060 3132 1119 3189 ullo
1151 3133 1251 3190 ordine
1279 3120 1486 3208 trepidabslm;

400 3248 418 3301 4
431 3237 527 3294 media
542 3238 628 3308 acies,
649 3257 713 3312 qum
727 3239 847 3314 propior
862 3239 994 3295 dextrum
1013 3257 1102 3295 cornu
1119 3246 1191 3308 erat,
1213 3239 1312 3296 stabat
1327 3239 1486 3315 spectaculo

401 3345 510 3409 5velut
537 3343 607 3400 nihil
638 3343 676 3399 ad
703 3361 735 3400 se
760 3342 929 3418 pertinentis
954 3363 1058 3419 pugnae
1079 3344 1199 3401 intenta.
1246 3344 1406 3416 Phalanx,
1434 3360 1487 3420 qun

430 3459 549 3506 venerat
588 3466 692 3523 agmen
725 3450 818 3525 magis
852 3468 940 3523 quam
980 3451 1057 3507 acies
1094 3451 1247 3526 aptiorque
1281 3450 1382 3508 itineri
1411 3466 1487 3526 quem

402 3566 549 3631 6pugnae,
582 3553 700 3611 vixdum
737 3555 767 3611 in
795 3555 893 3631 iugum
924 3564 1066 3614 evaserat.
1132 3557 1168 3612 In
1199 3556 1253 3612 hos
1283 3555 1486 3632 incompositos

432 3661 596 3734 Quinctius,
625 3678 790 3734 quanquam
816 3662 920 3736 pedem
947 3661 1103 3718 referentes
1131 3661 1161 3718 iu
1183 3661 1286 3718 dextro
1312 3679 1409 3720 cornu
1428 3676 1487 3720 suot

432 3768 576 3837 cernebat,
599 3765 757 3840 elephantis
778 3767 857 3842 prius
878 3767 908 3823 in
924 3768 1035 3824 hostem
1053 3767 1134 3838 actis,
1153 3766 1291 3841 impetum
1309 3766 1395 3839 fecit,
1417 3777 1487 3829 rehu

402 3880 543 3947 7partem
572 3872 755 3947 profligatam
778 3881 882 3932 ,cetere
909 3882 1076 3933 tracturum.
1133 3873 1201 3930 Nou
1230 3872 1320 3930 dubia
1349 3893 1401 3932 ros
1427 3874 1488 3942 hia

431 3977 575 4052 extemplo
605 3984 693 4052 terga.
716 3989 828 4036 vertere
848 3979 1041 4048 Macedones,
1070 3986 1180 4036 terrore
1208 3979 1302 4054 primo
1333 3980 1487 4039 bestiarum

401 4084 534 4151 8aversi.
581 4084 621 4141 Et
652 4085 739 4140 ceteri
768 4084 883 4159 quidem
911 4086 965 4141 hos
995 4074 1094 4160 pulsos
1123 4085 1333 4158 sequebantur3
1372 4104 1449 4145 nnus
1474 4102 1488 4142 e
1524 4086 1526 4115 ¹

430 4191 551 4248 tribunis
562 4189 694 4260 militum,
709 4209 745 4246 ex
759 4200 890 4266 tempore
904 4201 989 4266 capto
1005 4189 1133 4262 consilio,
1152 4208 1216 4247 cum
1228 4189 1332 4264 viginti
1340 4190 1488 4267 'signorum

431 4297 583 4367 militibus,
610 4294 711 4352 relicta
731 4312 768 4351 ea
789 4304 874 4369 parte
893 4315 1026 4367 suorum,
1055 4314 1119 4370 quae
1139 4296 1218 4352 haud
1239 4295 1327 4354 dubie
1348 4297 1488 4365 vincebat,
