3484 5025
494 472 512 494 ²
591 506 670 554 nitar
688 506 816 559 xxxrx,
854 507 903 568 (a.
923 505 984 558 car.
1007 508 1080 571 raa.)
1137 477 1140 484 ⁴
1253 513 1327 568 *tat

303 686 404 763 lippus
436 666 523 770 longe
545 689 643 759 aliam,
675 708 762 763 quam
796 691 937 747 adversus
962 693 1121 762 Thessalos
1143 694 1375 768 Perrhaebosque

302 810 410 867 nuper,
431 794 578 868 ingressus
600 795 758 850 disserendi
777 784 855 851 aiam
886 789 1061 863 „Non'cnm
1084 799 1257 859 Maronitis*
1281 800 1375 874 inq'uit

306 899 399 965 „mihi
428 911 480 955 aut
507 918 571 956 cum
595 900 725 956 Eumene
754 900 925 976 disceptatio
948 912 1007 971 est,
1041 902 1093 959 sed
1124 904 1182 959 iam
1213 905 1374 985 vobiscum,

302 1003 449 1073 Romani,
483 1005 627 1078 aquibus
650 1005 720 1061 nihil
742 1007 817 1080 aequi
839 1026 886 1063 mc
910 1007 1067 1081 impetrare
1086 1008 1218 1064 iamdiu
1242 1010 1373 1066 animad·
1452 1076 1458 1089 .

300 1119 399 1183 nerto.
450 1108 590 1167 Civitates
613 1112 823 1181 Macedonum,
853 1131 918 1186 quae
942 1132 960 1170 a
982 1132 1027 1169 me
1048 1115 1123 1170 inter
1144 1114 1270 1171 indutias
1294 1115 1345 1172 del
1360 1112 1403 1165 -2

300 1225 415 1283 cerunt,
437 1215 518 1271 reddi
535 1216 604 1272 mihi
619 1234 732 1289 aequum
748 1219 913 1287 censebam,
940 1237 999 1274 non
1023 1220 1092 1293 quia
1114 1238 1222 1293 magna
1244 1222 1371 1277 accessio

296 1335 339 1375 ea
361 1320 445 1394 regni
467 1319 665 1391 futuraasset
687 1322 765 1392 (sunt
787 1324 862 1379 enim
887 1334 915 1380 et
935 1342 1030 1398 parva
1045 1325 1153 1398 oppida
1167 1336 1196 1381 et
1217 1326 1245 1381 in
1267 1327 1371 1383 finibus

299 1426 444 1482 extremis
475 1427 594 1500 positu),
626 1427 676 1482 sed
709 1428 779 1500 quia
801 1428 922 1485 multum
957 1430 994 1486 ad
1027 1430 1153 1504 reliquos
1192 1433 1370 1489 Macedonas
1466 1463 1468 1465 ·

296 1531 495 1588 continendos
516 1528 680 1607 exemplum
711 1534 889 1606 pertinebat3
922 1544 1057 1609 negatum
1086 1546 1130 1591 est
1158 1536 1237 1592 mihi.
1286 1529 1400 1593 Bello3

298 1635 582 1695 AEtolicoLamiatii
609 1657 779 1713 oppugnare
800 1639 895 1695 iussus
918 1659 935 1695 a
958 1639 1137 1696 consuleM’.
1150 1641 1257 1711 Acilio,
1281 1660 1368 1714 quum

292 1743 352 1798 diu
376 1742 517 1814 fatigatus
539 1744 578 1798 ibi
609 1744 745 1817 operibus
778 1744 945 1819 praeliisque
978 1743 1086 1814 essem,
1119 1747 1369 1803 transcendentem

299 1866 349 1905 me
370 1848 431 1904 iam
453 1868 551 1904 muros
581 1859 708 1923 acepta
740 1867 831 1923 prope
862 1850 934 1905 urbe
964 1850 1113 1905 revocavit
1145 1852 1246 1908 consul
1268 1862 1296 1908 et
1318 1848 1368 1907 ab·

296 1955 410 2011 ducere
432 1954 533 2028 copias
554 1956 621 2012 inde
643 1954 745 2028 coegit.
784 1956 832 2011 Ad
854 1956 940 2011 huius
961 1955 1096 2012 solatium
1118 1955 1229 2012 iniuriae
1247 1957 1399 2031 permis-l

297 2045 366 2117 aum
390 2069 443 2130 est,
465 2071 496 2116 ut
509 2060 678 2119 ¹Thessaliae
689 2060 921 2133 Perrhaebiaeque
942 2071 970 2116 ct
988 2062 1187 2119 Athamanum
1209 2059 1368 2136 reciperem
1453 2051 1456 2055 ’

298 2157 437 2239 quaedam
471 2165 591 2221 castella
624 2164 716 2238 magis
750 2183 837 2238 quam
862 2166 966 2233 urbes;
1000 2184 1036 2221 ea
1068 2184 1185 2240 quoqne
1216 2167 1282 2240 ipsa
1314 2184 1367 2222 vos

299 2272 382 2340 mihi,
412 2271 448 2343 Q.
472 2260 578 2339 Caecili,
610 2287 719 2344 paucos
742 2280 809 2326 ante
831 2270 893 2327 dies
915 2265 1073 2336 adenu'stla'
1114 2274 1175 2329 Pro
1197 2290 1256 2328 non
1278 2271 1398 2332 dubioh

298 2375 391 2451 paulo
413 2385 490 2445 ante,
511 2376 535 2432 si
557 2376 612 2433 diis
636 2377 740 2450 placet,
762 2376 848 2449 legati
870 2377 1010 2433 Eumenis
1032 2378 1194 2446 sumebant,
1216 2396 1281 2451 quae
1303 2382 1365 2434 Aa·

284 2471 390 2540 'tiochi
411 2480 544 2551 fuerunt,
575 2474 735 2539 Eumenem
766 2482 882 2556 aequius·
906 2500 1077 2556 essequam
1102 2503 1147 2541 me
1169 2484 1286 2540 habere.
1330 2482 1366 2540 Id

299 2607 356 2662 ego
379 2564 466 2660 longe
488 2587 572 2643 aliter
593 2589 688 2644 iudico
712 2606 784 2647 esse.
832 2590 978 2646 Eumenes
1001 2591 1075 2646 enim
1107 2609 1175 2657 non,
1204 2590 1259 2646 nisi
1281 2589 1366 2645 vicis·

296 2706 365 2753 sent
387 2695 523 2762 Romani,
544 2691 596 2749 sed
617 2693 672 2749 nisi
694 2693 800 2750 bellum
822 2695 988 2768 gessissent,
1012 2714 1128 2753 manere
1149 2696 1178 2751 in
1200 2713 1290 2769 regno
1313 2712 1366 2751 suo
1437 2729 1439 2733 -

299 2820 359 2859 non
382 2801 491 2876 potuit3
512 2801 612 2871 itaque
633 2798 681 2854 ille
702 2811 831 2856 vestrum
854 2801 986 2857 meritum
1003 2803 1099 2871 habet,
1122 2819 1180 2856 non
1201 2788 1255 2856 vos
1276 2795 1398 2868 illius;6
1461 2819 1483 2876 ᾖ

299 2906 357 2962 mei
382 2915 478 2961 autem
501 2905 582 2978 regni
605 2914 715 2960 tantum
750 2907 853 2962 aberat
886 2921 917 2962 ut
950 2906 1008 2962 ulla
1040 2924 1108 2980 pars
1140 2883 1170 2962 in
1202 2905 1367 2962 discrimine
1452 2929 1460 2933 ·

299 2985 397 3082 deerit,
418 3020 452 3094 ut
473 3011 529 3066 tria
551 3010 642 3066 millia
664 3011 802 3066 talentum
827 3020 856 3067 et
875 3012 1088 3085 quinquaginta
1113 3021 1203 3068 tectas
1225 3029 1321 3068 naves
1338 3021 1367 3066 et

298 3135 403 3174 omnes
415 3116 537 3174 Graeciae
549 3117 690 3183 civitates,
714 3134 786 3188 quas
807 3097 1070 3185 anteatenuissem,
1092 3117 1274 3190 pollicentem
1290 3118 1366 3174 ultro
1399 3184 1403 3195 ,
1496 3148 1498 3153 v

301 3224 482 3289 Antiochum
505 3222 534 3276 in
565 3221 724 3277 mercedem
749 3221 897 3278 societatis
919 3221 972 3277 sim
996 3233 1175 3294 aspernatus.
1226 3223 1396 3278 Hostem-7
1473 3221 1477 3228 '

288 3302 359 3403 ¹'que
396 3327 422 3385 ei
455 3346 501 3383 mc
524 3337 601 3383 *esse*
619 3327 699 3400 prius
723 3327 827 3396 etiam,
861 3347 947 3401 quam
982 3328 1030 3382 Μ’.
1064 3327 1176 3383 Acilius
1207 3328 1366 3384 exercitum

298 3434 330 3490 in
363 3432 510 3492 Graeciam
545 3431 704 3525 tqaiicaret,
736 3433 858 3506 praetuli.
910 3434 950 3490 Et
982 3451 1046 3489 cum
1080 3451 1113 3488 eo
1148 3433 1265 3490 consule
1301 3433 1368 3490 belli

302 3549 427 3615 partem,
454 3557 657 3613 quamcunque
679 3537 748 3594 mihi
770 3538 924 3613 delegavit,
957 3539 1043 3613 gessi,
1065 3550 1093 3596 et
1115 3537 1277 3612 insequenti
1298 3556 1368 3595 con·
1382 3537 1417 3594 8-

300 3645 358 3702 snli
382 3647 415 3702 L.
439 3644 583 3719 Scipioni,
616 3663 709 3722 quum·
734 3652 812 3700 terra
840 3645 989 3701 statuisset
1015 3646 1120 3702 ducere
1151 3643 1308 3700 exercitum
1331 3643 1369 3699 ad

278 3739 537 3825 Hellespontum,
560 3768 618 3805 non
640 3750 695 3806 iter
716 3759 827 3805 tantum
850 3768 903 3823 per
921 3727 1044 3825 iegnum
1067 3760 1197 3807 nostrum
1220 3749 1295 3819 dedi,
1318 3751 1370 3825 sed

300 3856 367 3923 vias
390 3857 477 3911 etiam
500 3856 627 3926 munivi,
659 3856 855 3930 pontesieci,
886 3867 1062 3912 commeatus
1084 3856 1210 3930 praebui,
1242 3875 1295 3913 nec
1317 3858 1399 3930 per9

300 3961 508 4018 Macedoniam
526 3972 649 4037 tantum,
672 3961 723 4017 sed
742 3980 794 4035 per
805 3961 962 4017 Thraciam
985 3961 1085 4032 etiam,¹
1105 3962 1154 4018 ubi
1177 3961 1252 4018 inter
1272 3971 1369 4023 cetera

282 4087 363 4142 pax
387 4085 504 4141 quoque
522 4067 687 4140 praestanda
711 4085 729 4122 a
752 4066 885 4122 barbaris
906 4076 976 4125 eret.
1023 4068 1084 4124 Pro
1106 4069 1163 4124 hoc
1185 4067 1281 4123 studio
1303 4061 1368 4124 meo
1386 4071 1420 4125 10

300 4192 375 4248 erga
396 4190 461 4240 vos,
494 4191 530 4228 ne
552 4173 646 4228 dicam
670 4171 782 4240 merito,
811 4182 905 4241 utrum
929 4171 1053 4235 adiicere
1075 4190 1137 4241 vos,
1159 4173 1294 4242 Romani,
1317 4174 1369 4231 eli·
1454 4180 1461 4190 “

296 4279 374 4352 quid
396 4288 425 4333 et
448 4277 625 4351 amplificare
647 4287 676 4333 et
694 4295 800 4351 augere
814 4295 934 4351 regnum
950 4295 1046 4333 meum
1062 4253 1258 4335 munificentia
1272 4287 1371 4337 vestre
