3484 5025
490 525 546 581 iso
748 521 826 572 mser
842 519 956 573 xxxv.
992 521 1205 586 (ausen.)

414 706 587 782 imperatis
610 725 664 764 ros
689 705 725 763 iis
752 707 807 763 has
835 706 915 782 leges
943 705 1126 781 imposuisse.
1171 704 1309 764 Eandem
1329 705 1365 764 (le
1381 705 1482 784 Zny'n

444 819 474 868 et
500 810 666 887 Lampsaco
703 808 941 885 civitatibusque,
980 828 1046 885 quai
1072 809 1166 868 louin
1197 820 1252 869 aut
1276 809 1403 872 AEohiti
1425 817 1482 886 ἢ

414 919 564 976 bcausam
591 916 629 973 ab
656 916 805 973 Antiocho
831 916 963 990 accipite.
1011 915 1096 973 Bello
1125 919 1283 992 superstes
1310 919 1332 974 ι’
1373 947 1383 970 ι,
1416 947 1418 964 ¹
1459 915 1463 924 '

444 1031 474 1079 et
495 1020 699 1097 stipendiarias
726 1040 762 1079 ec
782 1021 940 1097 vectigales
962 1021 1058 1080 iectus
1087 1020 1118 1079 iu
1144 1021 1300 1097 ustum
1326 1022 1376 1081 'u
1419 1064 1420 1069 ¹
1477 1022 1484 1073 Γ.

444 1127 551 1201 ltaque
572 1126 610 1182 ad
631 1128 693 1192 hcc
720 1126 939 1201 eiresponderi
966 1128 1071 1198 velim,
1099 1126 1126 1185 si
1154 1146 1193 1185 ex
1221 1145 1311 1202 aquo
1346 1156 1438 1178 ι
1470 1142 1471 1145 ’

414 1236 473 1292 'let
486 1250 545 1288 non
560 1230 627 1289 belli
642 1251 732 1289 causa
743 1233 911 1306 queritur!
940 1233 991 1291 Ad
1006 1251 1041 1291 ea
1053 1232 1200 1309 Sulpicius
1217 1233 1370 1304 „Fecitv
1391 1231 1428 1281 -ἕ
1470 1279 1474 1284 -

443 1336 537 1412 iuquit
568 1338 767 1409 „Antiochus,
795 1338 862 1412 qui,
899 1338 924 1395 si
953 1338 1012 1396 alia
1041 1357 1097 1413 pro
1124 1355 1217 1396 causa
1245 1337 1311 1396 eius
1336 1357 1394 1398 nuti
1424 1382 1426 1386 ν

414 1446 511 1516 8φιο
530 1442 709 1513 dicerentur,
737 1442 896 1517 quemlibet
915 1442 971 1500 ista
993 1462 1081 1518 quain
1102 1462 1135 1502 se
1155 1444 1254 1503 dicere
1274 1443 1388 1504 meluit.
1436 1453 1450 1500 ¹,

444 1546 521 1604 enim
543 1548 637 1605 simile
656 1549 745 1605 hebet
765 1548 926 1606 civitatium
948 1568 1067 1621 aarum,
1088 1568 1164 1625 ques
1184 1550 1383 1627 comparasti,
1409 1582 1432 1597 ·¹
1451 1549 1477 1588 ¹'7

444 1652 495 1709 Ab
516 1652 636 1727 Reginis
657 1661 686 1709 ct
704 1652 909 1727 Neapolitanis
930 1665 960 1712 et
979 1654 1164 1725 Tarentinis,
1191 1672 1230 1712 ex
1251 1672 1314 1729 quo
1333 1655 1365 1713 in
1437 1682 1449 1703 ¹·

444 1768 585 1813 venerunt
615 1767 806 1832 potestatem,
840 1777 900 1816 uno
935 1769 965 1817 ct
991 1767 1133 1835 perpetuo
1165 1768 1269 1817 tenore
1294 1759 1367 1818 iuris
1419 1794 1434 1807 v
1461 1763 1464 1768 “

444 1870 594 1936 usurpato,
616 1881 763 1937 nunquam
778 1863 953 1933 intermisso,
974 1883 1039 1939 quis
1054 1863 1213 1924 exfmders
1229 1866 1348 1936 dehent,
1370 1863 1432 1933 ··‘i'‚i
1463 1861 1467 1868 '

413 1967 573 2031 uPotesuc
594 1968 710 2052 tandein
733 1969 838 2041 dicere,
859 1980 893 2027 ut
911 1970 932 2027 ii
954 1970 1054 2046 populi
1075 1989 1134 2028 nou
1152 1989 1208 2047 per
1221 1990 1263 2042 sc,
1287 1989 1347 2029 nou
1360 1989 1410 2047 per
1442 1981 1444 1987 “

395 2082 621 2147 taquamquam
651 2072 746 2131 lmdus
776 2084 976 2147 mutaverunt,
1006 2076 1049 2134 sie
1075 2076 1157 2135 Asia
1185 2076 1337 2149 civitates,
1366 2085 1398 2135 ut

444 2179 576 2237 venerint
589 2180 619 2237 in
630 2181 772 2237 maiorum
786 2181 925 2239 Antiochi
936 2191 1120 2257 potestatem,
1133 2182 1164 2240 in
1175 2192 1320 2259 perpetus
1341 2212 1344 2230 ι
1360 2210 1364 2230 ι
1378 2226 1380 2229 -
1392 2226 1393 2230 ,
1406 2219 1415 2228 υ
1426 2179 1446 2221 ='

443 2286 526 2361 regni
548 2287 637 2343 vestri
658 2286 861 2361 permansisse,
883 2296 912 2344 ct
932 2305 990 2343 non
1012 2286 1086 2344 alias
1107 2305 1208 2344 earum
1231 2287 1261 2344 iii
1280 2287 1416 2364 Philippi,
1445 2299 1454 2326 ¹'

444 2389 474 2447 iu
502 2391 652 2449 Ptolenioei
680 2392 770 2451 luisse
799 2401 959 2468 potestate,
991 2391 1064 2450 alias
1093 2410 1147 2468 pcr
1176 2392 1286 2451 multos
1314 2409 1406 2451 annos

394 2504 427 2560 ll
443 2497 608 2573 ambigente
638 2497 800 2556 libertatem
829 2496 1009 2575 usurpasse?
1054 2498 1135 2558 Nam
1168 2498 1209 2570 si,
1241 2498 1324 2574 quod
1362 2497 1441 2549 1⁰¹¹*
1466 2479 1472 2486 Ι

442 2604 620 2674 servierunt,
649 2614 813 2678 temporum
840 2604 993 2679 iniquitate
1020 2605 1130 2679 pressi,
1161 2604 1207 2661 ius
1235 2613 1306 2679 post
1335 2612 1380 2662 tot
1474 2603 1480 2624 ²

394 2714 429 2772 12
442 2708 589 2764 asserendi
620 2728 671 2766 eus
700 2709 730 2765 in
758 2709 926 2766 servitutem
952 2709 1056 2780 faciet,
1087 2709 1158 2783 quid
1185 2710 1286 2782 abest,
1318 2710 1388 2785 quin
1434 2738 1448 2755 νη

442 2811 527 2869 nobis
558 2813 630 2870 nihil
658 2813 710 2884 sit,
740 2817 819 2890 quod
850 2835 870 2873 a
898 2814 1038 2891 Philippo
1065 2814 1254 2873 liberavimus
1283 2814 1439 2885 Graeciam,
1453 2832 1476 2883 ·,

439 2926 574 2992 repetant
595 2921 703 2994 posteri
724 2921 786 2978 eius
808 2920 995 2990 Corinthum,
1025 2918 1208 2991 Chalcidem,
1236 2920 1447 2981 Demetriadem

392 3021 650 3087 13Thcssulorum
671 3008 762 3082 totam
784 3024 920 3100 gentem?
957 3025 1017 3085 Sed
1039 3026 1108 3100 quid
1131 3043 1186 3101 ego
1207 3043 1331 3084 causam
1351 3026 1407 3085 cisi

441 3145 514 3201 ago,
542 3146 629 3202 quain
653 3130 724 3206 ipsis
746 3131 900 3205 egentibus
921 3138 951 3186 et
971 3149 1025 3188 nos
1047 3141 1075 3187 et
1096 3147 1195 3205 regem
1216 3130 1314 3205 ipsum
1362 3160 1420 3199 qi·
1470 3163 1471 3174 ¹

345 3232 386 3304 Π
441 3233 551 3306 aquius
583 3235 666 3292 est?“
730 3235 842 3293 Vocari
877 3236 981 3293 deinde
1018 3235 1178 3293 civitatium
1217 3234 1383 3311 legationes
1433 3268 1434 3277 ¹
1482 3267 1484 3272 ¹

441 3349 622 3414 praeparatas
642 3340 701 3397 iam
723 3350 791 3397 ante
812 3351 841 3398 et
862 3341 1018 3398 instructas
1039 3342 1078 3399 ab
1099 3341 1245 3410 Eumene,
1267 3342 1336 3416 qui,
1365 3370 1388 3391 ιι
1486 3347 1489 3366 ³

442 3460 556 3517 cunque
576 3443 680 3502 virium
702 3446 851 3504 Antiocho
873 3446 1058 3518 decessisset,
1081 3465 1136 3504 suo
1159 3446 1190 3503 id
1212 3464 1400 3506 accessurum
1478 3434 1481 3441 ¹

411 3548 575 3613 2ducebat.
621 3550 752 3608 Admissi
782 3551 898 3626 plures,
927 3552 996 3609 dum
1025 3569 1095 3609 suas
1121 3551 1246 3626 quisque
1265 3571 1346 3612 nuuc
1369 3573 1424 3630 qu·¹
1442 3575 1457 3596 ν
1484 3575 1489 3612 2

441 3671 517 3712 nunc
539 3656 749 3730 postulationes
773 3655 874 3714 inserit
902 3665 931 3713 et
960 3676 1045 3732 sequa
1073 3656 1180 3731 iniquis
1206 3657 1347 3731 miscent,
1378 3678 1416 3717 ex
1459 3667 1460 3670 ’

441 3759 606 3834 ceptutione
635 3761 852 3820 altercationem
880 3761 1021 3821 feceruut.
1083 3762 1190 3837 ltaque
1216 3781 1272 3820 nec
1301 3763 1425 3822 remisse
1460 3788 1494 3806 ¹-

441 3881 474 3920 re
494 3882 548 3922 uec
569 3865 740 3942 impetrata,
767 3886 867 3942 seque,
898 3886 935 3927 ec
954 3876 1112 3939 venerant,
1145 3867 1275 3927 umuiu'm
1297 3848 1402 3928 incerti

441 3969 567 4028 Romam
587 3972 744 4032 redierunt.

409 4078 429 4135 3
523 4077 605 4148 Rex,
638 4076 763 4135 dimissis
796 4076 847 4149 iis,
879 4078 1030 4137 consilium
1061 4077 1100 4136 ils
1125 4079 1204 4138 bello
1230 4081 1371 4140 Romauo
1410 4112 1411 4126 ¹
1443 4108 1445 4127 ¹
1473 4093 1474 4096 ’

440 4183 488 4242 Ibi
502 4183 583 4241 elius
604 4183 663 4241 alio
683 4182 825 4255 ferocius,
854 4183 941 4259 quia,
977 4202 1035 4259 quo
1063 4183 1186 4261 quisque
1214 4186 1351 4263 asperim
1371 4186 1495 4246 adr·-

408 4289 592 4349 4Romauoi
628 4289 743 4348 locutus
777 4299 867 4363 esset,
905 4309 941 4350 eu
970 4298 1040 4368 sp'es
1066 4290 1169 4368 gretia
1196 4291 1296 4351 meioi'
1322 4300 1405 4367 eret,
1434 4286 1498 4351 ab
