3484 5025
475 517 535 573 sss
749 511 827 562 cuer
842 511 903 564 Π..
921 508 984 578 ts.
1003 525 1030 564 ιι.
1046 525 1072 564 e.
1090 510 1168 573 ers.)

433 718 506 758 unus
527 699 710 774 incorruptus
731 706 942 773 permanserat,
959 697 1047 772 eique
1067 715 1105 755 es
1125 696 1200 755 lidos
1223 703 1407 774 nequequam
1421 699 1480 757 emi·

403 815 497 867 lcum
530 807 640 863 Perses
673 802 901 861 inimicissimum
933 801 1051 861 iecent.
1108 803 1141 860 is
1175 803 1360 879 prospiciens
1389 805 1481 875 enimo,

434 922 544 987 qusnto
574 929 639 968 cum
669 909 797 987 periculo
825 926 880 966 suo
909 908 1053 967 heredites
1082 908 1166 985 regni
1198 917 1327 968 venturu
1357 921 1426 969 esset
1449 910 1481 967 sd

434 1020 552 1087 Perses,
575 1028 609 1075 ut
629 1018 752 1093 primum
773 1016 875 1073 lubere
897 1015 1024 1072 animm
1044 1015 1122 1090 regis
1145 1025 1175 1073 et
1195 1015 1389 1091 ingemiscere
1408 1017 1480 1075 inter·

403 1127 501 1186 lidum
531 1124 581 1181 lilii
609 1122 751 1180 desiderio
773 1120 877 1189 sensit,
902 1138 978 1177 nuno
999 1120 1156 1196 prehendo
1180 1118 1285 1191 sures,
1310 1137 1387 1181 nunc
1404 1124 1481 1182 lmes-

424 1232 523 1289 sendo
538 1230 624 1287 etiem
640 1228 812 1286 mentionem
827 1229 870 1286 rei
890 1239 997 1284 temere
1018 1238 1099 1296 estse,
1119 1244 1198 1301 saepe
1221 1230 1355 1303 querenti
1375 1249 1481 1306 quereus

434 1349 463 1395 et
484 1338 545 1413 ipse
567 1336 681 1404 ederet,
711 1344 740 1391 ot
761 1351 849 1408 quum
877 1333 982 1402 mults,
1009 1339 1041 1390 ut
1067 1332 1187 1404 essolet,
1219 1335 1333 1392 veritus
1359 1338 1482 1412 preberet

433 1442 557 1516 vestigia
584 1442 643 1510 sni,
669 1440 747 1498 omni
769 1459 825 1516 ope
846 1440 1020 1508 odinvebct,
1048 1457 1107 1514 qno
1127 1440 1273 1498 maturius
1298 1444 1396 1500 omnis
1414 1463 1483 1501 ems·

403 1547 546 1610 inurent.
602 1546 735 1621 Suspecti
770 1556 801 1603 ut
833 1545 954 1603 ministri
983 1544 1122 1604 facinoris
1153 1547 1279 1622 Apelles
1313 1550 1433 1607 maxime
1459 1563 1484 1608 et

434 1654 578 1713 Philocles
600 1663 691 1722 erunt,
713 1651 763 1727 qui
781 1653 905 1710 &mem
926 1652 1016 1728 legati
1034 1650 1348 1730 inerunt-litterasque
1369 1657 1484 1714 exitielcs

339 1744 381 1816 55
434 1758 585 1817 Demetrio
608 1758 662 1814 suh
683 1759 799 1816 nomine
820 1758 975 1816 Flaminini
996 1757 1161 1817 sttnlerent
1211 1759 1323 1819 Falsus
1346 1780 1407 1820 esse
1425 1774 1485 1820 ets

434 1867 530 1922 scribe
549 1864 667 1921 vitiotes
677 1865 849 1939 signumque
863 1865 1064 1935 adulterinum,
1077 1864 1168 1940 vulgo
1183 1864 1215 1923 in
1229 1866 1315 1941 regie
1329 1867 1485 1926 fremebunt.

309 1996 312 2007 ¹
404 1957 568 2031 20e'ternm
602 1987 689 2045 quum
722 1980 857 2046 suspects
889 1971 982 2045 magis
1016 1988 1105 2045 quem
1138 1970 1299 2029 manifeste
1330 1983 1404 2033 esset
1435 1992 1485 2042 res,

434 2077 510 2135 forte
531 2078 654 2154 Xychus
662 2072 686 2150 ¹)
715 2076 818 2133 obvius
844 2077 878 2133 lit
895 2076 1054 2151 Antigono,
1084 2078 1374 2156 comprehensusque
1400 2081 1436 2139 eh
1454 2099 1485 2137 eo

315 2157 319 2163 ”
434 2186 463 2242 in
481 2184 593 2260 regiam
614 2193 657 2240 est
679 2182 842 2257 perductus.
879 2182 991 2241 Relicto
1011 2200 1047 2240 so
1068 2181 1248 2253 custodibus,
1270 2186 1434 2262 Antigonus
1453 2187 1487 2244 sd

375 2279 380 2290 ’
405 2290 600 2365 3Philippnm
622 2289 772 2364 processit.
821 2288 959 2357 „Multis“
982 2288 1075 2363 inquit
1097 2290 1303 2359 ,sermonibus
1323 2292 1486 2350 intellexisse

431 2396 544 2466 videor,
567 2393 674 2470 magno
697 2405 726 2451 te
746 2395 963 2467 sestimstnrum,
986 2394 1011 2451 si
1030 2395 1104 2452 scire
1122 2412 1196 2453 vers
1217 2396 1321 2453 omniu
1341 2414 1438 2473 posses
1455 2396 1486 2452 de

405 2504 501 2564 sfiliis
522 2502 588 2572 tuis,
609 2493 732 2558 nter'eb
754 2512 818 2558 utro
840 2501 945 2576 petitus
966 2500 1069 2560 frende
1090 2513 1119 2560 et
1139 2501 1252 2560 insidiis
1276 2516 1364 2563 esset.
1398 2506 1485 2562 Homo

435 2627 508 2664 unus
533 2609 675 2678 omnium,
703 2607 752 2682 qui
779 2609 886 2664 nodum
910 2608 995 2665 huius
1016 2609 1122 2665 erroris
1141 2609 1306 2668 exsolvere
1336 2613 1431 2688 possit,
1456 2611 1481 2666 in

435 2724 579 2790 potestate
604 2725 656 2770 tus
682 2725 725 2770 est
752 2714 884 2788 Xychus.
931 2715 1021 2771 Forte
1047 2715 1177 2772 oblatum
1209 2715 1432 2792 perductumque
1456 2716 1484 2772 in

403 2823 544 2896 dreginni
579 2819 678 2876 vocati
709 2820 806 2876 inbe.“
864 2821 1017 2878 Adductus
1051 2820 1146 2895 primo
1181 2821 1225 2878 itu
1257 2841 1369 2898 negare
1395 2825 1484 2881 incon·

435 2937 553 2995 stanter,
574 2935 606 2981 nt
627 2943 719 2999 parvo
735 2936 811 2981 metu
826 2926 945 2983 admoto
959 2936 1092 3000 puratum
1107 2927 1232 2984 indicem
1248 2947 1316 2986 esse
1331 2940 1486 3006 appeteret,
1521 2950 1523 2957 ’

436 3041 618 3106 conspectum
653 3032 768 3088 tortoris
799 3033 1009 3107 verberumque
1035 3050 1093 3089 non
1124 3033 1277 3105 sustinuit,
1311 3034 1486 3108 ordinemque

343 3136 346 3143 ’
405 3141 548 3195 homnem
577 3135 714 3194 facinoris
740 3122 901 3211 legatorum
932 3137 1139 3211 ministeriique
1163 3138 1210 3195 sui
1238 3141 1384 3214 exposuit.
1433 3141 1487 3198 Ex·

434 3243 542 3317 templo
571 3242 665 3313 missi,
693 3243 753 3316 qui·
771 3242 883 3318 legatos
906 3244 1192 3319 comprehenderent.
1241 3246 1418 3315 Philoclem,
1444 3247 1487 3320 qni

435 3366 560 3422 praesens
596 3361 675 3418 eret,
711 3358 929 3424 oppresserunt3
970 3349 1089 3424 Apelles
1125 3349 1232 3406 missus
1269 3350 1309 3408 ud
1346 3349 1486 3409 Chaeream

436 3454 578 3526 quendem
614 3455 863 3529 persequendum,
899 3454 1005 3511 indicio
1041 3455 1140 3530 Xychi
1176 3456 1279 3514 audito
1315 3457 1345 3514 in
1379 3457 1486 3515 Itsliem

405 3556 555 3616 ltreieeit.
612 3560 659 3616 De
688 3559 817 3616 Philocle
845 3559 915 3616 nihil
947 3560 1017 3617 certi
1044 3560 1194 3634 vulgatum
1230 3574 1290 3632 est;
1323 3562 1372 3620 slii
1402 3562 1487 3638 primo

437 3663 584 3722 audaciter
614 3677 784 3741 negantem,
816 3676 973 3741 postquem
1003 3665 1033 3723 in
1063 3676 1251 3740 conspectum
1286 3669 1426 3726 adductus
1455 3669 1487 3724 sit

405 3768 407 3773 '
437 3770 567 3844 Xychus,
597 3791 654 3828 non
679 3771 755 3828 ultre
782 3772 952 3841 tetendisse,
977 3771 1026 3829 alii
1049 3781 1193 3829 tormenta
1214 3775 1305 3831 etiem
1328 3775 1486 3831 infitiantem

406 3877 601 3949 8perpessnm
624 3876 778 3936 affirment.
821 3877 958 3953 Philippo
984 3871 1197 3954 redintegratus
1222 3890 1267 3937 eet
1291 3881 1384 3940 luctus
1403 3879 1487 3955 gemi-

411 3956 591 4055 ¹natusque,
624 3992 653 4037 et
679 3980 874 4040 infelicitatem
902 4002 986 4041 sunm
1015 3983 1046 4039 in
1076 3982 1174 4041 liberis
1203 3987 1385 4061 graviorem,
1417 3984 1487 4060 quod

341 4081 382 4151 56
436 4085 508 4141 alter
528 4096 692 4160 superesset,
717 4105 799 4161 quom
821 4089 897 4163 quod
916 4091 988 4145 atter
1008 4089 1144 4165 perisset,
1173 4094 1324 4151 censebat.
1373 4094 1486 4149 Perseus

471 4291 492 4361 ¹)
521 4297 621 4347 Nomen
640 4296 794 4364 corruptum,
813 4303 865 4351 sive
884 4301 1066 4364 Eutychus,
1085 4303 1137 4353 sive
1156 4304 1335 4369 Hesychius
1352 4305 1407 4359 tuit.
