3484 5025
473 586 480 600 .
512 585 517 590 ¹
586 502 1045 585 tiberxxxrx.(A.uhr.1ss'.)‘
1245 526 1302 580 185

277 704 419 761 torrentis
447 706 534 763 modo
561 704 685 763 fundunt
713 716 902 780 sternuntque
930 707 1094 782 perculsos,
1126 724 1180 764 nec
1211 706 1346 763 sustiueri

279 806 332 863 alii
353 826 443 883 super
464 810 537 868 alios
559 810 715 868 inferentes
738 828 802 867 sese
823 824 954 885 possunt.
998 813 1155 886 Fugientes
1187 811 1216 866 in
1248 814 1392 868 castrati
1462 820 1467 828 '

276 913 394 986 equites
415 916 559 1008 persecuti
580 928 648 973 suut
669 926 697 974 et
718 918 854 991 permixti
876 918 967 982 turbae
991 920 1116 975 hostium
1138 918 1215 973 iutra
1237 916 1343 973 vallum

249 1095 253 1108 .
278 1025 521 1092 penetraverunt,
540 1021 603 1077 ‘ubi
631 1022 668 1077 ab
691 1022 798 1079 relictis
811 993 849 1079 'in
870 1024 1005 1097 praesidio
1028 1034 1188 1080 castrorum
1210 1021 1344 1096 proelium

277 1122 484 1196 instauratum,
506 1127 657 1201 coactique
670 1139 738 1183 sunt
748 1129 873 1185 Romani
889 1129 999 1203 equites
1011 1128 1185 1185 descendere
1200 1146 1237 1183 ex
1252 1126 1342 1200 equis.

251 1207 255 1214 ¹
279 1226 496 1287 Dimicantibus
517 1233 552 1288 iis
574 1233 650 1306 legio
680 1234 781 1306 quinta
802 1235 984 1309 supervenitq
1018 1234 1137 1303 deinde,
1169 1242 1201 1288 ut
1223 1250 1345 1305 quaeque
1362 1232 1396 1288 12

279 1340 452 1405 potuerant,
487 1338 577 1413 copiae
604 1338 771 1399 affluebant.
822 1340 979 1398 Caeduntur
1005 1340 1112 1414 passim
1140 1338 1264 1412 Hispani
1291 1356 1344 1412 per
1360 1327 1412 1395 13‘

279 1448 343 1495 tota
366 1450 480 1514 castra,
513 1462 566 1500 nee
592 1444 657 1519 plus
680 1464 767 1519 quam
791 1426 929 1520 quattuor
951 1444 1040 1501 millia
1061 1445 1209 1500 hominum
1234 1442 1342 1517 effuge·
1403 1493 1405 1498 .
1483 1492 1489 1508 ,

279 1554 356 1614 runt.
400 1548 474 1603 lude
494 1550 550 1607 tria
572 1551 662 1607 millia
684 1551 760 1620 fere,
794 1551 843 1623 qui
877 1569 960 1607 arma
990 1550 1183 1618 retinuerant,
1217 1560 1342 1605 montem

279 1650 475 1726 propinquum
509 1667 659 1730 ceperuqt3
706 1656 782 1713 mille
819 1674 975 1712 semermes
1014 1656 1140 1711 maxime
1173 1674 1224 1729 per
1256 1671 1343 1728 agros

280 1756 372 1829 palati
404 1769 479 1816 sunt.
533 1760 629 1835 Supra
660 1762 779 1836 triginta
811 1762 939 1834 quinque
961 1761 1050 1817 millia
1064 1748 1197 1817 'hostium
1219 1758 1343 1828 fuerant,
1360 1751 1417 1816 141

279 1878 332 1917 cx·
347 1862 456 1940 quibus
488 1877 547 1921 tam
581 1867 688 1942 exigua
720 1885 788 1942 pars
824 1885 928 1942 pugnae
950 1866 1099 1941 superfuit.
1143 1863 1235 1939 Signa
1257 1875 1344 1939 captu
1397 1909 1402 1922 ,

279 1978 394 2035 centum
417 1970 535 2045 triginta
557 1972 623 2031 duo.
663 1974 788 2030 Romani
817 1974 946 2047 sociique
968 1946 1056 2046 paulo
1079 1972 1144 2045 plus
1166 1972 1294 2027 sexcenti
1316 1978 1345 2026 et
1360 1974 1395 2028 15

277 2073 500 2147 provincialium
532 2078 705 2134 arixiliorum
719 2113 722 2118 -
738 2090 851 2136 centum
883 2078 1093 2158 quinqupginta
1120 2077 1219 2133 fenne*
1233 2076 1342 2131 cecide-

275 2184 356 2249 mut!
399 2180 521 2238 Tribuni
544 2183 664 2239 militum
689 2185 816 2258 quinque
840 2185 943 2241 amissi
977 2195 1007 2240 et
1034 2183 1119 2257 pauci
1150 2182 1260 2256 equites
1283 2183 1342 2238 Ro·
1360 2184 1395 2239 16

275 2285 356 2342 meni
380 2295 505 2343 cruentae
523 2290 653 2368 *niaxime
681 2290 811 2346 victoriae
842 2289 967 2365 speciem
998 2288 1138 2347 fecerunt.
1182 2286 1343 2343 incastris
1413 2275 1435 2347 ,’

222 2431 231 2438 -
265 2390 421 2459 bostium,
454 2378 523 2466 quia
554 2394 625 2469 ipsis
657 2396 782 2469 spatium
815 2414 868 2452 sua
902 2394 1114 2451 communiendi
1147 2411 1204 2448 non
1237 2391 1342 2459 fuerat,

274 2506 457 2554 manserunt.
504 2499 564 2556 Pro
589 2500 723 2558 cont-ione
747 2509 864 2576 postero
887 2500 933 2557 die
959 2498 1069 2556 laudati
1090 2498 1248 2573 donatique
1269 2517 1287 2553 a
1310 2495 1344 2554 C.
1360 2494 1393 2548 17

239 2678 253 2701 .
275 2601 439 2677 Calpurnio
469 2605 579 2677 equites
610 2606 750 2678 phaleris,
783 2606 1054 2680 pronuntiavitque,
1088 2624 1187 2661 eorum
1217 2604 1344 2661 maxime

274 2728 371 2784 opera
395 2710 494 2766 hostes
515 2708 611 2777 fusos,
644 2720 741 2768 castra
769 2722 855 2786 capta
876 2722 906 2768 et
933 2723 1100 2786 expugnata
1122 2729 1192 2768 esse.
1236 2709 1343 2790 Quinc·
1360 2704 1396 2759 18

228 2838 237 2860 r
274 2815 336 2871 tius
358 2813 433 2871 ulter
454 2825 561 2888 praetor
582 2836 650 2873 suos
673 2796 783 2891 aquilos
805 2818 915 2875 catellis
938 2836 973 2874 ac
994 2817 1089 2873 fibulis
1111 2815 1238 2872 donavit.
1280 2816 1343 2870 Do·

274 2919 340 2976 nuti
373 2930 402 2976 et
431 2921 612 2978 centuriones
640 2935 677 2979 ex
704 2910 853 2998 utriusque
882 2924 1009 2980 exercitu
1032 2923 1184 2997 permulti,
1216 2921 1343 2977 maxime

275 3024 328 3098 qui
351 3024 477 3081 mediam
499 3029 589 3084 aciem
617 3038 777 3084 tenuerunt.

284 3167 288 3174 ,
365 3128 516 3200 Consules,
540 3133 691 3191 dilectibus
712 3133 851 3205 aliisque,
883 3151 946 3205 quae
976 3135 1078 3189 Romae
1105 3133 1224 3205 agendae
1252 3139 1343 3198 erant,
1398 3117 1438 3211 32

275 3235 406 3309 peractis
433 3238 536 3305 rebus,
568 3239 597 3294 in
632 3239 753 3313 Ligures
786 3238 966 3312 provinciam
1002 3237 1158 3294 exercitum
1191 3234 1350 3293 duxerunt:
1443 3258 1448 3265 ’

277 3341 471 3415 Sempronius
487 3361 510 3401 ,a
537 3343 610 3399 Pisis
632 3343 779 3419 profectus
809 3343 839 3399 in
861 3347 1004 3416 Apuanos
1029 3341 1167 3414 Ligures,
1201 3336 1374 3396 vastando2

276 3464 369 3521 agros
391 3447 559 3522 urendoque
582 3420 663 3505 vicos
685 3459 713 3505 et
735 3449 854 3505 castella
877 3466 975 3518 eorum
992 3442 1105 3522 aperuit
1126 3447 1231 3503 saltum
1254 3464 1345 3520 usque

277 3552 318 3609 ad
341 3552 462 3608 fluvium
485 3555 616 3611 Macram
640 3563 668 3610 ct
690 3555 780 3610 Lunae
801 3562 926 3627 portum.
970 3553 1079 3610 Hostes
1101 3561 1238 3620 montem,
1271 3551 1375 3607 anti-3

278 3675 370 3731 quam
391 3658 488 3714 sedem
511 3658 652 3714 maiorum
681 3676 817 3727 suorum,
850 3669 1001 3732 ceperunt,
1034 3670 1062 3715 et
1090 3660 1175 3728 inde,
1207 3665 1346 3730 superata

276 3761 412 3818 locorum
445 3764 610 3837 iniquitate,
630 3764 744 3837 ,proelio
778 3763 879 3820 deiecti
912 3777 986 3822 sunt.
1043 3765 1080 3820 Et
1102 3769 1181 3839 App.
1206 3761 1375 3820 Claudiusl

277 3866 448 3928 felicitatem
472 3870 665 3942 virtutemque
687 3869 805 3942 collegae
825 3868 854 3923 in
878 3867 1034 3940 Liguribus
1056 3869 1196 3944 Ingaunis
1219 3867 1346 3940 aequavit

277 3974 415 4031 secundis
447 3975 559 4048 aliquot
590 3975 707 4049 proeliis.
755 3976 815 4033 Sex
849 3986 990 4049 praeterea
1022 3976 1130 4049 oppida
1161 3966 1259 4031 eorum
1294 3990 1344 4029 ex·

279 4079 440 4154 pugnavit3
472 4082 563 4137 multa
596 4081 686 4137 millia
717 4081 864 4137 hominum
888 4081 917 4136 in
941 4081 976 4136 iis
998 4081 1090 4154 cepit3
1121 4079 1188 4165 belli
1213 4087 1345 4135 auctores

220 4171 223 4177 ’
277 4199 340 4242 tres
363 4195 393 4242 et
414 4186 608 4260 quadraginta
629 4187 722 4243 securi
744 4186 895 4260 percussit.
1413 4256 1418 4264 .

366 4292 431 4346 lem
453 4293 636 4354 comitiorum
660 4293 817 4366 appetebat
840 4302 972 4366 tempus;
994 4292 1074 4366 prior
1096 4301 1192 4349 tamen
1208 4286 1377 4349 Claudius5
