3484 5025
427 514 464 570 ot
676 507 905 559 nimrxxxvn.
939 509 1027 569 (nu.
1040 507 1154 571 esse.)

385 693 473 752 modo
494 694 595 768 regum
616 693 702 768 longe
724 693 982 768 opulentissimum,
1003 693 1057 749 sed
1080 702 1144 750 toto
1165 693 1195 750 in
1216 694 1276 749 orbe
1291 702 1328 749 tar

337 803 368 857 ll
386 800 476 857 cuivis
497 817 596 874 regum
619 797 668 855 vel
692 798 843 855 maiestate
866 799 914 855 vel
939 798 1052 855 viribus
1074 818 1189 875 parem.
1231 799 1328 873 Philipp

385 905 504 975 Nabim,
536 905 634 961 hostes
660 912 689 961 et
715 903 790 983 bello
819 915 971 979 superatos
998 905 1047 960 ab*
1060 906 1099 961 T.
1125 904 1263 978 Quinctio,
1289 915 1328 960 tan

337 1015 372 1070 tt
386 1029 477 1086 regno
494 1010 618 1067 relictos.
663 1008 800 1083 Philippo
822 1010 937 1083 quidem
960 1029 1036 1067 anuo
1053 1010 1154 1085 priore
1175 1012 1257 1067 etiam
1270 1011 1328 1084 stipe

386 1116 537 1174 remissum
570 1124 599 1171 et
632 1113 721 1170 filium
748 1114 878 1172 obsidem
908 1116 1067 1185 redditum
1102 1125 1130 1173 et
1154 1118 1285 1191 quasdem
1303 1116 1328 1172 cir

387 1232 472 1279 extra
501 1219 718 1288 Macedoniam,
747 1220 922 1293 patientibus
951 1221 1095 1280 Romanis
1117 1222 1327 1298 imperatoribus⁴

386 1327 464 1404 pisse
485 1345 560 1386 eum.
600 1326 637 1382 In
657 1325 758 1382 eadem
781 1324 921 1399 dignitate
942 1338 971 1383 et
990 1329 1103 1386 Nabim
1125 1329 1252 1387 futurum
1271 1327 1328 1384 fuiss

387 1452 452 1491 eum
474 1450 543 1489 suus
565 1432 688 1507 primum
710 1429 801 1501 furor,
824 1430 927 1487 deinde
947 1431 1213 1492 irausAEtolorum
1231 1436 1328 1507 absunp

339 1543 374 1598 13
387 1538 517 1596 Maxime
545 1537 730 1593 confirmatus
761 1546 804 1593 est
835 1538 947 1595 animus
973 1540 1059 1613 regis,
1089 1550 1244 1615 postquam
1266 1540 1328 1595 ade

388 1644 498 1713 Livius,
532 1644 581 1718 qui
614 1652 721 1718 praetor
749 1651 816 1698 ante
843 1643 929 1700 classi
959 1645 1128 1720 praefuerat,
1159 1647 1270 1721 legatus
1289 1647 1319 1701 ab

339 1755 374 1808 14
387 1748 467 1805 veuit
487 1756 516 1805 et
537 1748 659 1816 edocuit,
682 1758 790 1822 quanto
813 1760 842 1805 et
862 1751 1067 1825 spesvictoriae
1083 1753 1192 1810 certior
1205 1751 1328 1811 Romanis

274 1838 276 1841 Α
389 1852 535 1909 Antiocho
563 1863 593 1908 et
621 1852 748 1909 amicitia
774 1854 902 1911 sanctior
932 1857 1102 1932 firmiorque
1132 1859 1212 1934 apud
1234 1860 1328 1916 Roman

387 1966 454 2014 tura
475 1966 560 2017 esset.

294 2063 334 2133 26
472 2063 634 2122 Antiochus
670 2073 824 2139 postquam
858 2085 877 2122 a
917 2085 968 2142 spe
1005 2068 1155 2126 societatis
1180 2070 1328 2127 *Prasiai

389 2172 537 2246 Ephesum
560 2171 598 2227 ab
620 2168 760 2227 Sardibus
776 2181 819 2228 est
832 2171 978 2247 profectus
991 2173 1026 2229 ad
1044 2175 1178 2247 classem,
1198 2194 1328 2251 quaepert

357 2283 503 2337 lmenses
523 2277 664 2332 instructa
684 2295 720 2332 ac
740 2288 845 2352 parata
866 2277 970 2348 fuerat,
998 2280 1161 2350 visendam,
1186 2282 1278 2356 magis
1297 2300 1328 2354 qu

391 2383 530 2441 rostribus
551 2380 642 2455 copiis
664 2382 819 2439 exercitum
846 2385 1009 2441 Romanum
1035 2393 1064 2439 et
1088 2384 1166 2442 duos
1187 2384 1325 2462 Scipiones

391 2498 504 2546 ratores
532 2486 649 2544 videbat
677 2487 810 2546 sustineri
836 2508 894 2546 non
924 2508 1019 2566 posse,
1048 2508 1137 2564 quam
1164 2492 1328 2568 quodres1

390 2596 455 2671 ipsa
475 2615 529 2671 per
552 2613 584 2651 se
607 2601 657 2649 out
678 2602 788 2650 tentata
809 2595 863 2652 sibi
885 2615 1013 2670 unquam
1036 2594 1162 2653 feliciter
1183 2608 1235 2654 aut
1254 2608 1328 2654 tunur

361 2709 420 2764 3et
447 2711 531 2758 certae
559 2699 670 2756 fiduciae
698 2709 782 2758 esset.
825 2701 899 2757 Erat
921 2712 1017 2758 tamen
1039 2713 1218 2760 momentum
1245 2705 1275 2760 in
1293 2721 1328 2778 pn

390 2807 461 2882 spei,
483 2806 562 2881 quod
582 2814 610 2863 et
632 2823 766 2879 magnam
788 2818 900 2881 partem
912 2807 1033 2864 Rhodiae
1054 2808 1157 2865 classis
1172 2810 1251 2866 circa
1260 2812 1328 2868 Pata

392 2921 421 2970 et
442 2913 591 2970 Eumenen
612 2929 709 2986 regem
731 2929 795 2967 cum
819 2912 951 2969 omnibus
972 2914 1094 2970 navibus
1115 2917 1185 2986 suis,
1200 2916 1306 2973 consuli
1323 2935 1328 2970 t

361 3019 421 3080 tin
448 3019 670 3094 Hellespontum
698 3017 859 3092 profectum
888 3019 1031 3089 audieram
1069 3021 1182 3096 aliquid
1210 3024 1295 3080 etiam
1323 3021 1328 3076 i

393 3123 506 3181 animos
528 3123 627 3180 classis
644 3122 760 3180 Rhodia
781 3123 819 3180 ad
834 3125 954 3184 Samum
972 3145 1024 3201 per
1045 3128 1230 3186 occasionem
1252 3127 1328 3186 fraud

361 3240 524 3307 5paratam
546 3231 693 3303 abumpta.
737 3228 793 3285 His
814 3228 914 3300 fretus,
935 3232 1117 3306 Polyxenida
1140 3253 1206 3291 cum
1230 3234 1316 3292 classe

391 3338 509 3395 tundam
531 3335 610 3393 omni
627 3334 714 3391 modo
733 3337 896 3394 certaminis
918 3337 1062 3394 fortunam
1086 3339 1187 3410 misso,
1208 3342 1271 3416 ipse
1290 3359 1328 3414 001

390 3445 512 3503 Notium
535 3443 626 3511 ducit3
653 3441 682 3498 id
710 3442 848 3517 oppidum
871 3441 1093 3518 Colophonium,
1115 3447 1194 3503 mari
1216 3447 1328 3505 immine:

361 3559 435 3612 best
456 3571 475 3607 a
495 3559 593 3607 vetere
611 3544 781 3622 Colophone
803 3548 860 3603 duo
881 3546 972 3634 ferme
994 3549 1083 3606 millia
1103 3569 1255 3625 passuum.
1296 3552 1328 3610 Et

393 3659 494 3715 urbem
516 3675 574 3714 suae
596 3652 749 3729 potestatis
770 3669 833 3709 esse
854 3653 980 3724 volebat,
1010 3655 1083 3713 adeo
1105 3658 1301 3734 propinquam
1319 3657 1328 3714 l

392 3774 426 3821 ut
451 3763 523 3820 nihil
549 3772 627 3818 terra
647 3759 757 3816 marive
778 3768 886 3834 ageret,
914 3759 992 3833 quod
1013 3780 1071 3827 nou
1089 3743 1257 3821 subiectum
1283 3782 1328 3820 ocu

361 3869 592 3944 tlophoniorum
622 3884 657 3922 ac
684 3884 736 3940 per
764 3883 814 3923 eos
843 3875 943 3923 notum
972 3866 1118 3942 extemplo
1145 3869 1290 3928 Romanis
1308 3887 1328 3926 et

389 3977 454 4047 hos,
480 3974 579 4033 audita
605 3973 764 4042 obsidione,
784 3991 843 4028 non
865 3972 1016 4028 dubitabat
1043 3974 1082 4029 ad
1108 3992 1198 4048 opem
1220 3977 1328 4034 socier

390 4082 510 4140 rendam
540 4081 660 4138 classem
683 4080 720 4135 ab
742 4078 831 4137 Samo
854 4089 999 4147 moturos3
1030 4096 1094 4134 eam
1117 4081 1328 4140 occasionem]

361 4187 465 4266 8nidae
504 4188 542 4245 ad
569 4204 629 4245 rem
664 4185 819 4259 gerendam
851 4185 923 4245 fore.
988 4185 1082 4260 Igitur
1111 4187 1255 4260 operibus
1285 4206 1328 4263 opp

392 4293 492 4351 urbem
515 4309 677 4368 eggressus,
692 4291 731 4348 ad
752 4310 832 4348 marc
853 4292 985 4366 partibus
996 4291 1109 4348 duabus
1125 4293 1328 4367 paritermuni

301 4372 507 4462 A
