3484 5025
578 506 656 555 Liber
672 504 771 555 xxxa
809 505 855 568 (A.
868 504 915 554 cu.
928 505 1000 567 aco.)
1232 510 1265 565 31

254 692 379 749 celerem
401 691 495 748 aleam
518 690 642 747 universi
664 690 827 747 certaminis
849 690 962 759 timens,
986 690 1210 766 quadringentos
1225 692 1312 749 Tral-

254 798 295 854 les
318 796 500 872 (lllyriorum
521 797 561 865 id,
588 797 662 853 sieut
681 795 738 852 alio
760 795 885 851 diximus
906 795 981 864 loco,
1003 805 1046 852 eet
1066 798 1168 870 genua)
1192 805 1220 853 et
1242 795 1312 854 Ore·

254 913 351 960 tenses
372 911 532 973 trecentos,
565 902 666 981 pddito
699 901 743 958 his
771 901 913 976 peditibus
941 902 1005 976 pari
1034 920 1152 959 numero
1174 903 1311 976 equitum,

255 1028 319 1067 cum
349 1010 424 1066 duce
445 1010 651 1083 Athenagora,
687 1026 744 1064 uno
779 1026 816 1063 ex
845 1008 1025 1081 purpuratis,
1060 1008 1097 1065 ad
1128 1008 1311 1066 lacessendos

255 1115 381 1171 hostium
405 1116 516 1188 equites
537 1116 629 1184 misit3
651 1116 688 1171 ab
703 1113 843 1171 Romanis
865 1123 961 1171 autem
984 1114 1101 1185 (aberat
1122 1113 1197 1171 acies
1212 1119 1341 1174 eoruml

258 1220 343 1295 paulo
368 1220 434 1296 plus
457 1222 628 1296 quingentos
649 1220 764 1295 passus)
785 1217 885 1274 velites
916 1229 944 1276 et
973 1221 1099 1294 equitum
1129 1221 1192 1276 duae
1222 1220 1312 1277 ferme

259 1324 308 1382 alae
330 1326 454 1396 emissae,
476 1338 508 1384 ut
532 1345 651 1384 numero
674 1344 788 1400 quoque
810 1342 897 1398 eques
915 1325 1061 1400 pedesque
1081 1326 1193 1383 hostem
1215 1344 1311 1400 aeque·

258 1441 327 1487 rent.
376 1429 504 1489 Credere
525 1433 597 1508 regii
618 1449 708 1508 genus
733 1448 845 1505 pugnae,
870 1449 928 1505 quo
951 1442 1146 1500 assueverant,
1167 1430 1247 1500 fore,
1281 1434 1342 1489 ut3

259 1538 367 1611 equites
389 1537 420 1593 in
442 1539 534 1595 vicem
555 1538 736 1610 insequentes
760 1535 991 1610 refugientesque
1014 1556 1089 1595 nilne
1111 1536 1174 1594 telis
1196 1549 1311 1594 uteren-

259 1653 311 1712 tur,
332 1662 410 1700 nunc
432 1653 516 1719 terga
540 1645 650 1712 darent,
672 1642 834 1718 Illyriorum
857 1640 996 1698 velocitas
1020 1643 1058 1699 ad
1080 1642 1262 1700 excursiones
1284 1655 1313 1700 et

261 1749 380 1825 impetus
403 1751 515 1807 subitos
539 1750 603 1807 usui
625 1756 717 1816 esset,
748 1745 899 1805 Cretenses
920 1746 949 1802 in
971 1746 1149 1806 invehentem
1173 1769 1203 1805 se
1223 1749 1312 1807 effuse

261 1855 369 1911 hostem
391 1855 516 1930 sagittas
538 1855 719 1914 coniicerent.
754 1853 898 1911 Turbavit
919 1854 994 1909 hune
1016 1853 1143 1910 ordinem
1166 1855 1341 1930 pugnandil

262 1979 314 2016 uon
336 1960 435 2017 acrior
456 1978 543 2034 quem
565 1960 739 2035 pertinacior
760 1960 883 2034 impetus
904 1961 1116 2028 Romanorum3
1145 1979 1212 2017 nam
1234 1962 1342 2019 haudb

266 2084 339 2123 meus
363 2084 451 2139 quam
474 2067 498 2122 si
520 2075 582 2123 tota
605 2065 666 2122 acie
688 2065 870 2137 dimicarent,
893 2075 921 2122 et
948 2066 1059 2134 velites,
1081 2066 1191 2123 emissis
1213 2068 1313 2137 hastis,

269 2173 386 2249 mmiuus
411 2172 516 2247 gladiis
536 2191 597 2228 rem
618 2172 766 2246 gerebant,
788 2180 817 2227 et
837 2171 962 2245 equites,
985 2184 1015 2228 ut
1036 2172 1124 2229 semel
1151 2171 1178 2228 in
1201 2173 1312 2229 hostem

269 2280 349 2336 crecti
370 2290 447 2346 sunt,
469 2278 611 2335 stantibus
633 2277 723 2352 equis,
744 2277 849 2352 partim
873 2296 909 2333 ex
931 2278 1001 2353 ipsis
1023 2279 1112 2352 equis,
1134 2278 1238 2352 partim
1264 2279 1313 2334 de·

273 2384 383 2441 tilientes
416 2384 666 2459 immiscentesque
698 2401 729 2439 se
761 2383 905 2458 peditibus
941 2383 1118 2457 pugnabant.
1183 2384 1230 2441 Ita
1261 2389 1344 2443 nect

220 2534 221 2553 2
272 2507 346 2564 eques
362 2489 461 2565 regius
488 2488 577 2563 equiti
604 2508 658 2565 par
685 2498 761 2558 erat,
788 2489 916 2546 insuetus
948 2492 984 2547 ad
1014 2489 1144 2547 stabilem
1177 2507 1314 2565 pugnam,

220 2573 221 2577 Ἰ
271 2613 314 2651 nec
331 2597 419 2671 pedes
445 2606 632 2652 concursator
664 2604 814 2678 etkvagus
846 2607 874 2652 et
900 2615 991 2671 prope
1019 2596 1182 2653 seminudus
1209 2615 1314 2671 genere

220 2754 221 2759 ,
272 2718 404 2758 armorum
426 2701 505 2758 veliti
526 2703 660 2758 Romano
683 2720 816 2776 parmam
845 2701 1032 2776 gladiumque
1053 2703 1170 2760 habenti
1193 2705 1313 2778 pariter·
1361 2756 1364 2761 .

274 2823 319 2878 que
338 2818 365 2863 et
386 2807 425 2862 ad
447 2825 478 2862 se
500 2807 634 2863 tuendum
658 2807 744 2863 etad
766 2809 878 2864 hostem
902 2807 1054 2881 petendum
1076 2819 1197 2866 armato.
1244 2811 1341 2873 Nou‘l

274 2910 349 2967 tulere
371 2912 471 2986 itaque
494 2913 721 2984 dimicationem,
747 2933 799 2971 nec
826 2913 884 2970 alia
911 2932 942 2969 re
972 2933 1059 2988 quam
1089 2914 1240 2971 velocitate
1265 2927 1309 2971 tu-

275 3023 351 3073 unus
374 3036 405 3074 se
426 3018 456 3073 in
478 3027 574 3074 castra
593 3017 770 3093 refugerunt·

341 3122 407 3182 Uno
430 3122 532 3180 deinde
552 3124 714 3180 intermisso
727 3124 781 3195 die,
806 3143 894 3198 quum
915 3127 1047 3184 omnibus
1069 3127 1158 3217 copiis
1180 3127 1307 3201 equitum
1359 3129 1406 3198 36

276 3221 385 3303 levisque
406 3239 560 3286 armaturae
584 3240 763 3305 pugnaturus
786 3250 838 3288 rex
860 3243 943 3303 esset,
965 3244 1049 3291 nocte
1071 3244 1212 3305 caetratae,
1236 3253 1307 3308 quos

232 3352 234 3357 ·
276 3330 396 3402 peltastas
418 3347 542 3404 vocant,
570 3335 635 3392 loco
663 3345 827 3409 opportuno
849 3336 923 3394 inter
944 3339 1014 3396 bina
1035 3349 1131 3396 castra
1149 3340 1178 3396 in
1200 3339 1310 3395 insidiis

277 3435 424 3511 abdiderat,
458 3453 693 3516 praeceperatque
722 3443 920 3516 Athenagorae
955 3455 984 3500 et
1015 3445 1174 3518 equitibus,
1206 3453 1253 3513 ut,
1285 3445 1340 3502 sit

277 3553 358 3614 aperto
378 3545 480 3621 proelio
501 3548 670 3622 procederet
690 3567 746 3618 res,
767 3557 915 3605 uterentur
935 3548 1060 3617 fortuna,
1081 3550 1105 3606 si
1127 3550 1229 3619 minus,
1259 3568 1310 3606 ee-

277 3643 352 3706 dendo
372 3652 477 3708 sensim
506 3653 544 3709 ad
573 3653 741 3710 insidiarum
764 3653 859 3710 locum
882 3656 994 3712 hostem
1017 3657 1224 3731 pertraherent.
1271 3656 1339 3716 Ets

270 3753 399 3825 ,equitatus
421 3758 536 3832 quidem
559 3759 659 3827 cessit3
696 3759 783 3815 duces
815 3769 939 3818 caetratae
971 3761 1115 3832 cohortis,
1152 3781 1209 3818 non
1239 3763 1308 3819 satis

278 3871 422 3933 exspectato
444 3863 538 3938 signo,
567 3875 634 3923 ante
653 3874 766 3938 tempus
791 3865 922 3923 excitetis
943 3866 1012 3936 soie,
1034 3867 1213 3924 occasionem
1237 3871 1309 3926 bene
1381 3868 1383 3873 ’

279 3967 387 4032 madar
397 3970 439 4026 rei
461 3970 593 4031 amisere.
628 3971 779 4028 Romanus
801 3982 829 4028 et
851 3983 952 4046 aperto
974 3973 1075 4048 proelio
1099 3973 1192 4031 vietor
1214 3984 1242 4031 et
1263 3982 1337 4034 tu-4

279 4074 464 4132 menende
486 4075 654 4132 insidiarum
676 4075 705 4130 in
727 4086 824 4133 castra
844 4095 908 4134 sese
932 4078 1047 4152 recepit.

342 4180 458 4238 Postero
490 4182 537 4239 die
565 4181 665 4238 consul
693 4183 825 4239 omnibus
854 4183 944 4258 copiis
971 4184 999 4238 in
1030 4186 1120 4241 aciem
1153 4184 1306 4253 descendit,

281 4291 330 4338 me
345 4287 434 4360 prima
455 4288 539 4362 signa
560 4287 663 4346 locatis
684 4286 859 4363 elephantis,
889 4307 946 4362 quo
970 4289 1077 4346 auxilio
1100 4300 1159 4346 tum
1182 4289 1306 4362 primum
