3484 5025
482 517 538 573 108
727 514 805 564 Liber
820 509 948 563 XXXIII.
985 512 1031 576 (Δ.
1043 527 1070 566 u.
1082 527 1107 567 c.
1118 512 1194 577 ωδ.)

436 700 590 757 Pisistrato
624 698 745 774 aliisque
779 698 950 774 questiones
978 697 1127 755 tormentis
1158 698 1265 757 habita
1292 706 1322 756 et
1347 705 1476 775 sumptum

436 804 606 881 supplicium
629 812 680 865 est.
1079 878 1083 887 ε

339 906 388 975 29
519 908 661 969 Efferavit
700 928 735 967 ea
773 911 865 968 caedes
904 911 1062 968 Thebanos
1100 910 1278 986 Boeotosque
1320 927 1418 970 omnes
1448 911 1478 970 ad

437 1017 613 1076 exsecrabile
640 1016 737 1075 odium
764 1018 977 1088 Romanorum,
1006 1017 1168 1088 credentes,
1197 1034 1256 1074 non
1285 1016 1348 1075 sine
1375 1017 1478 1076 consilio

438 1124 619 1200 imperatoris
640 1122 765 1181 Romam
786 1111 982 1199 Zeuxippum,
1012 1122 1170 1198 principem
1191 1121 1302 1197 gentis,
1331 1121 1363 1179 id
1383 1121 1488 1182 facinus·

439 1228 590 1287 conscisse.
640 1229 690 1286 Ad
704 1227 898 1286 rebellandum
913 1247 1007 1303 neque
1022 1229 1097 1286 vires
1111 1245 1204 1302 neque
1218 1227 1320 1286 ducem
1335 1229 1489 1302 habebault.

407 1336 424 1392 2
438 1334 601 1411 proximum
618 1334 693 1391 bello
710 1333 787 1409 quod
803 1342 874 1404 erat,
892 1334 922 1391 in
940 1335 1120 1393 latrocinium
1135 1334 1211 1392 rarsi
1225 1333 1299 1391 alios
1314 1334 1345 1391 in
1356 1333 1484 1411 hospiffi·

439 1440 511 1498 alios
538 1458 630 1516 vagos
659 1459 712 1516 per
731 1440 853 1498 hiberna
874 1441 992 1511 milites,
1022 1441 1059 1498 ad
1081 1440 1178 1498 varios
1202 1449 1397 1498 commeantes
1416 1455 1477 1514 usta,¹

409 1548 630 1623 dexoipiebant.
678 1545 801 1620 Quidam
828 1546 859 1605 in
884 1546 954 1623 ipsis
974 1546 1123 1605 itineribus
1144 1546 1182 1603 ad
1203 1554 1288 1603 notas
1309 1546 1434 1605 latebras
1475 1589 1480 1617 ,

438 1652 653 1723 insidiantibus,
680 1670 749 1728 pars
777 1652 808 1710 in
831 1652 945 1710 deserta
968 1671 1021 1728 pcr
1040 1651 1171 1711 fraudem
1192 1652 1361 1710 deversoria

409 1758 690 1835 lopprimebentur3
726 1767 874 1834 postremo
905 1777 963 1816 non
994 1768 1105 1816 tantum
1138 1758 1176 1815 ab
1208 1756 1291 1830 odio,
1329 1758 1381 1816 sed
1415 1757 1456 1809 zi«

439 1864 578 1923 aviditate
617 1865 720 1940 praedoe
757 1863 888 1923 facinora
924 1865 1047 1937 fiebant,
1090 1864 1159 1940 quia
1199 1855 1367 1939 negotiandi
1406 1863 1435 1923 ie
1451 1904 1452 1912 1

439 1988 529 2029 causa
557 1979 706 2046 argentum
743 1971 774 2028 in
810 1970 890 2028 zonis
928 1971 1066 2027 habentes
1101 1969 1131 2026 in
1167 1970 1375 2028 commeatibus
1406 1988 1449 2028 aa

409 2074 535 2149 bQunm
552 2075 645 2150 primo
659 2077 754 2152 pauci,
770 2076 873 2134 deinde
889 2077 919 2134 in
935 2077 996 2134 dias
1014 2076 1110 2152 plures
1126 2076 1367 2148 desiderarentur,
1400 2104 1405 2127 ·
1420 2103 1447 2129 ·=.=

439 2200 502 2238 essa
521 2181 636 2239 Boeotia
657 2181 750 2239 omnis
771 2184 857 2259 coepit
888 2190 916 2239 et
941 2181 1067 2240 timidius
1090 2202 1176 2259 quam
1205 2183 1235 2240 in
1256 2182 1370 2241 hostico
1406 2209 1429 2252 ις

409 2288 542 2346 (icastris
579 2289 669 2346 miles.
728 2289 805 2346 Tum
836 2288 987 2361 Quinctius
1022 2288 1134 2364 legatos
1170 2290 1207 2347 ad
1244 2290 1427 2363 quarendum

439 2394 597 2454 latrociniis
618 2414 670 2471 per
691 2393 822 2451 civitates
842 2393 937 2454 mittit.
983 2393 1121 2453 Plurima
1142 2396 1233 2454 caedes
1248 2394 1325 2451 circa
1339 2392 1468 2476 Οοραὶ

442 2501 576 2577 paludem
605 2500 741 2572 inventaa3
771 2500 811 2558 ibi
844 2519 881 2557 ex
908 2499 977 2558 limo
1005 2511 1087 2560 eruta
1113 2511 1301 2578 extractaque
1330 2521 1368 2559 ex
1395 2509 1459 2569 stuf

444 2608 587 2665 cadavera
610 2608 689 2664 saxis
710 2616 761 2664 aut
782 2606 946 2683 amphoris,
975 2615 1007 2664 ul
1029 2606 1155 2682 pondere
1176 2607 1359 2664 traherentur
1382 2608 1410 2665 in
1438 2636 1441 2656 ι

443 2711 578 2783 fundum,
606 2730 734 2782 annexa3
763 2712 853 2769 multa
876 2711 1008 2770 facinora
1028 2711 1188 2788 Acraephioe
1210 2722 1238 2769 et
1259 2711 1401 2771 Coroneae
1420 2712 1441 2773 f:
1455 2750 1473 2778 n

415 2818 670 2879 linveniebantur.
733 2817 883 2892 Quinctius
915 2819 1008 2894 primo
1036 2819 1140 2876 noxios
1169 2818 1246 2876 tradi
1273 2819 1327 2876 sibi
1357 2820 1439 2878 iussit

441 2943 494 3000 pro
516 2924 678 3001 quingentis
699 2924 835 2982 militibus
860 2924 917 2999 (tot
939 2926 1013 2981 anim
1034 2924 1196 3000 interempti
1218 2923 1311 3000 erant)
1344 2926 1449 3002 quing

412 3029 550 3089 Stalenta
583 3031 703 3088 Boeotos
741 3030 880 3089 conferre.
946 3029 1076 3104 Quorum
1110 3022 1240 3088 neutrum
1281 3050 1370 3105 quum
1410 3033 1448 3088 fia

441 3137 537 3195 verbis
552 3146 662 3195 tantum
681 3137 811 3195 civitates
830 3145 1010 3206 excusarent,
1031 3136 1101 3193 nihil
1121 3137 1235 3212 publico
1255 3137 1423 3196 consiliose

442 3261 520 3314 esse,
548 3243 643 3301 missia
665 3245 796 3302 Athenas
826 3253 855 3301 et
877 3243 906 3300 in
928 3242 1071 3300 Achaiam
1100 3242 1218 3317 legatis,
1249 3243 1298 3317 qui
1326 3253 1459 3302 testarer

411 3349 552 3421 9socios,
582 3350 658 3407 iusto
684 3349 791 3425 pioque
818 3368 851 3406 se
878 3348 953 3405 ballo
975 3358 1188 3422 persecuturum
1209 3348 1345 3422 Boeotos,
1378 3359 1408 3408 et
1440 3378 1455 3399 s

442 3463 525 3529 parte
546 3456 693 3529 copiarum
715 3456 795 3530 App.
817 3452 940 3512 Claudio
962 3454 1145 3529 Acraephiam
1168 3455 1210 3511 ire
1230 3454 1326 3527 iusso,
1352 3456 1416 3531 ipse
1453 3482 1455 3501 2
1516 3457 1518 3466 '

441 3570 524 3635 parte
536 3559 698 3619 Coroneam
713 3560 897 3630 circumsidit,
919 3559 1040 3617 vastatis
1061 3559 1140 3634 prius
1162 3561 1248 3636 agris,
1272 3579 1331 3635 qua
1346 3562 1422 3620 abE
1439 3606 1440 3609 η

393 3660 499 3720 1θὰυο
521 3664 635 3723 diversa
657 3666 773 3741 agmina
793 3666 860 3726 iere.
908 3667 974 3723 Hac
1004 3664 1126 3741 perculsi
1158 3666 1239 3724 clade
1268 3666 1382 3740 Boeoti,
1417 3694 1440 3718 υ

442 3772 540 3829 omnia
579 3781 688 3830 terrore
726 3791 761 3829 ac
791 3771 862 3848 fuga
893 3772 1036 3848 completa
1074 3781 1185 3842 essent,
1224 3771 1337 3847 legatos
1374 3773 1425 3831 mit
1442 3800 1456 3821 ιί

443 3874 499 3949 Qui
521 3895 608 3951 quum
630 3879 659 3935 in
680 3888 776 3937 eastra
796 3898 854 3936 non
876 3879 1106 3947 admitterentur,
1128 3877 1229 3935 Achai
1250 3880 1446 3939 Atheniens
1498 3881 1518 3935 ,ἲ

314 3972 316 3982 '
394 3978 426 4034 ll
442 3995 677 4058 supervenerunt.
723 3986 795 4044 Plus
810 3985 989 4043 auctoritatis
1004 3984 1105 4044 Achaei
1126 3984 1289 4041 habuerunt
1303 3986 1448 4062 depreca

444 4089 528 4163 quia,
564 4089 593 4146 ni
629 4090 830 4166 impetrassent
857 4109 959 4166 pacem
988 4090 1115 4160 Boeotis,
1152 4090 1257 4146 bellum
1286 4091 1373 4149 simul
1399 4110 1452 4168 ge

394 4189 430 4244 12
443 4194 637 4256 decreverant.
684 4196 878 4254 Peerhaeos
893 4207 922 4254 et
935 4196 1046 4254 Boeotis
1068 4196 1152 4272 copia
1174 4196 1297 4254 adeundi
1319 4198 1454 4273 alloque
1484 4243 1487 4248 a
1512 4196 1518 4205 '

444 4324 499 4380 que
519 4306 682 4362 Romanum
711 4297 790 4360 facta
818 4310 875 4374 est,
908 4302 1049 4378 iussisque
1076 4302 1190 4360 tradere
1217 4303 1321 4361 noxios
1348 4313 1378 4361 et
1404 4322 1454 4362 mo
