3484 5025
557 579 635 626 Liber
646 578 799 627 XXXVIII.
813 579 856 635 (A.
873 578 932 628 chr.
951 584 1018 635 tes.)
1225 585 1278 638 {07

275 780 339 817 ures
351 762 525 835 animosque
536 760 696 836 principum
709 762 811 817 Romae
822 762 988 819 criminibus
1001 763 1128 837 Philippi
1140 763 1321 833 invenerunt,

277 869 305 923 ui
337 886 390 941 per
422 867 551 941 legatos,
590 885 643 940 per
679 866 790 922 litteras
822 867 956 941 Dolopas
990 868 1258 943 Amphilochosque
1283 852 1321 926 'et

274 972 466 1028 tthamaniam
490 983 605 1045 ereptas
626 970 681 1025 sibi
703 990 844 1043 querens,
868 973 1058 1047 praesidiaque
1083 991 1151 1041 sua,
1173 987 1320 1046 postremo

275 1074 343 1131 lium
367 1077 454 1132 etiam
472 1058 581 1133 Persea
604 1095 639 1131 ex
663 1077 864 1151 Amphilochis
881 1077 1004 1151 pulsum,
1029 1088 1175 1133 averterat
1190 1089 1319 1135 senatum

275 1180 295 1235 b
316 1181 469 1237 audiendis
492 1182 625 1255 precibus
647 1199 756 1238 eorum.
821 1181 928 1239 Rhodii
959 1192 1054 1238 tamen
1079 1193 1107 1238 et
1130 1184 1352 1245 Atheniensest

276 1304 321 1341 nm
351 1287 466 1343 silentio
494 1286 585 1342 auditi
610 1294 685 1342 sunt.
739 1287 925 1343 Atheniensis
953 1286 1066 1361 legatus
1093 1287 1175 1343 Leon
1198 1265 1323 1344 Hicesiae

274 1391 333 1448 ilius
355 1391 521 1464 eloquentia
539 1391 624 1447 etiam
648 1391 752 1447 dicitur
767 1391 906 1459 movisse3
930 1392 977 1465 qui
994 1392 1113 1466 vulgata
1128 1391 1321 1462 similitudine,
1336 1403 1353 1454 5

274 1496 332 1552 nari
353 1491 527 1568 tranquillo,
558 1496 635 1568 quod
663 1494 760 1551 ventis
778 1496 988 1564 concitaretur,
1017 1497 1222 1571 aequiperando
1249 1500 1321 1555 mul-

274 1600 407 1657 itudinem
431 1601 616 1668 AEtolorum,
649 1619 735 1669 usus,
763 1620 850 1673 quum
880 1600 910 1656 in
934 1602 990 1657 fide
1012 1604 1153 1659 Romanae
1175 1605 1321 1662 societatis

274 1706 441 1774 nansissent,
465 1706 552 1761 insita
572 1705 666 1778 gentis
690 1705 898 1779 tranquillitate
914 1707 1028 1779 quiesse
1043 1726 1093 1763 eos
1109 1708 1219 1775 aiebatc
1242 1720 1320 1783 post·
1336 1718 1354 1772 6

274 1826 345 1883 mam
377 1812 448 1866 flare
485 1811 522 1865 ab
559 1811 634 1867 Asia
669 1811 770 1867 Thoas
808 1821 836 1867 et
871 1812 1077 1881 Dicaearchus,
1122 1814 1159 1868 ab
1203 1815 1323 1888 Europa

274 1914 406 1970 Menestas
436 1923 465 1970 et
494 1915 683 1971 Damocritus
716 1916 884 1990 coepissent,
918 1926 976 1971 tum
1010 1916 1088 1973 illam
1122 1930 1321 1993 tempestatem

274 2030 398 2088 tourtam,
422 2039 486 2094 quae
504 2020 545 2085 ¹ad
569 2021 745 2077 Antiochum
769 2038 818 2074 eos
840 2018 923 2075 sicuti
946 2021 974 2077 in
998 2022 1146 2096 scopulum
1170 2023 1320 2081 intulisset.

274 2122 325 2179 Diu
343 2125 439 2181 iactati
467 2125 562 2181 AEtoli
584 2113 717 2192 tandem,
746 2135 777 2180 ut
805 2126 989 2182 condiciones
1018 2127 1098 2200 pacis
1127 2129 1342 2198 convenirent,
1379 2122 1413 2191 ll

274 2225 423 2291 effecerunt.
482 2230 612 2287 Fuerunt
641 2240 736 2286 autem
765 2231 823 2286 hae:
885 2231 1060 2305 ,Imperium
1085 2231 1352 2305 maiestatemque2

274 2336 359 2409 populi
383 2334 509 2393 Romani
537 2353 607 2408 gens
635 2336 804 2393 AEtolorum
834 2340 1015 2392 conservato
1040 2320 1104 2391 sine
1133 2336 1200 2392 dolo
1235 2339 1320 2394 malo.

274 2435 317 2494 Nc
340 2459 421 2515 quem
449 2439 622 2508 exercitum,
658 2440 707 2515 qui
735 2442 874 2497 adversus
903 2441 999 2496 socios
1028 2440 1195 2515 amicosque
1221 2461 1320 2499 eorum

274 2540 387 2616 Quor,
420 2547 564 2622 perfines
590 2564 659 2602 suos
682 2547 804 2602 transire
835 2547 920 2603 sinito
957 2565 1029 2602 neve
1052 2546 1110 2602 ulla
1132 2567 1187 2622 ope
1209 2548 1319 2608 iuvato.

274 2637 368 2704 Hostes
389 2649 505 2706 eosdem
528 2651 652 2719 habeto,
685 2669 758 2724 quos
787 2652 911 2727 populus
934 2654 1099 2721 Romanus,
1127 2672 1267 2726 armaque
1292 2654 1351 2709 in3

274 2762 319 2804 ons
335 2751 404 2810 ferto
427 2733 592 2828 bellumque
615 2756 722 2829 pariter
743 2756 845 2830 gerite.
891 2755 1048 2829 Perfugas,
1080 2755 1229 2830 fugitivos,
1252 2761 1352 2832 cap-4

275 2850 339 2912 thos
368 2861 481 2916 reddito
510 2862 651 2917 Romanis
683 2861 841 2934 sociisque,
875 2871 1067 2936 praeterquam
1104 2862 1128 2916 si
1157 2861 1205 2934 qui
1236 2862 1322 2936 capti,

276 2970 349 3028 quum
365 2963 466 3020 domos
482 2966 633 3033 redissent,
656 2966 759 3021 iterum
783 2966 859 3040 capti
875 2976 950 3035 sunt,
974 2976 1024 3022 aut
1038 2967 1062 3022 si
1079 2966 1128 3040 qni
1143 2987 1177 3022 eo
1193 2977 1322 3041 tempore

277 3065 350 3121 exiis
370 3069 448 3142 capti
469 3082 551 3139 sunt,
579 3071 628 3144 qui
650 3081 709 3127 tum
732 3072 834 3127 hostes'
852 3081 935 3127 erant
957 3072 1114 3139 Romame,
1137 3091 1224 3144 quum
1247 3073 1323 3129 intra
1375 3058 1376 3061 Ἴ

276 3171 392 3238 lttaesidia
414 3175 549 3231 Romana
571 3176 666 3235 AEtoli
696 3187 800 3234 essent.
862 3177 996 3231 Aliorunr
1025 3177 1075 3249 qui
1105 3179 1352 3252 comparebunt,5

276 3264 338 3329 intra
357 3277 416 3333 dies
439 3290 552 3336 centum
576 3279 794 3355 Corcyraeorum
819 3281 1041 3355 magistratibus)
1063 3281 1123 3336 sine
1154 3281 1221 3337 dolo
1245 3283 1321 3338 malo

278 3379 423 3451 tradantur3
447 3384 577 3456 quinon
600 3387 825 3458 comparebunt,
856 3387 973 3458 quando
997 3387 1119 3460 quisque
1141 3405 1239 3442 eorum
1263 3387 1321 3461 pri-

279 3493 338 3542 munr
358 3488 492 3545 inventus
514 3490 594 3566 erit,
612 3490 757 3546 reddatur.
822 3489 947 3548 Obsides
963 3492 1157 3566 quadraginta
1180 3492 1352 3559 arbitratuss

278 3592 384 3649 tonsulis
411 3594 554 3651 Romanis
572 3595 667 3663 dato,
698 3615 734 3651 ne
762 3585 887 3652 minores
913 3597 1064 3653 duodecim
1097 3615 1237 3652 annorum
1267 3616 1322 3652 neu

275 3695 383 3752 maiores
399 3699 601 3774 quadraginta.
645 3700 738 3758 Obsce
754 3719 790 3755 ne
805 3710 866 3756 esto
882 3711 997 3775 praetor,
1018 3699 1169 3775 praefectus
1185 3702 1322 3774 equitum,
1336 3716 1351 3767 7
1380 3704 1383 3707 ’

274 3801 354 3858 ttriba
375 3801 517 3876 publicus,
540 3822 594 3859 neu
618 3804 698 3877 quis,
721 3806 770 3877 qui
792 3816 858 3862 ante
881 3808 965 3862 obses
987 3805 1042 3861 fuit
1064 3806 1142 3879 apud
1163 3807 1322 3864 Romanos.

274 3892 449 3980 Cephallenia
477 3919 560 3964 extra
583 3895 669 3983 'pacis
699 3910 777 3984 leges
807 3915 899 3969 esto.‘⁴
966 3911 1013 3965 De
1042 3911 1169 3984 pecuniae
1200 3926 1353 3982 summa,8

274 4019 347 4076 tuam
370 4015 544 4089 penderent,
573 4014 816 4089 pensionibusque
839 4016 899 4071 eius
922 4016 992 4072 nihil
1015 4035 1051 4071 ex
1074 4035 1124 4085 eo,
1157 4016 1320 4089 quodcum

274 4119 377 4175 nnsule
403 4129 593 4189 convenerat,
633 4129 789 4190 mutatum3
822 4140 875 4195 pro
911 4130 1031 4194 argento
1062 4121 1086 4176 si
1122 4139 1222 4176 aurum
1253 4122 1322 4178 dere

275 4223 393 4293 tallent,
422 4224 534 4293 darent,
568 4225 718 4295 convenit,
747 4226 814 4280 dam
837 4245 890 4300 pro
919 4225 1062 4299 argenteis
1092 4226 1189 4281 decem
1218 4245 1322 4282 aureus

275 4340 331 4386 nus
353 4329 473 4385 valeret.
524 4329 615 4402 „Quae
640 4331 739 4400 nrbes,
762 4332 810 4404 qui
831 4332 908 4405 agri,
931 4332 979 4404 qai
1001 4331 1132 4386 homines
1154 4331 1353 4395 AEtolorum9

274 4433 327 4490 tris
350 4434 507 4507 aliquando
529 4433 658 4504 fuerunt,
682 4435 730 4508 qui
753 4454 852 4492 eorum
875 4436 913 4494 Τ.
940 4435 1097 4512 Quinctio,
1119 4434 1178 4494 Cn,
1192 4435 1335 4492 IInrn'xt'xo
1404 4504 1406 4508 ι
