3484 5025
526 517 605 568 les'r
624 517 737 568 XXXV.
774 517 824 581 (A.
838 513 887 567 Oli.
903 516 976 581 tat.)
1185 518 1242 577 108

274 704 321 755 ate
345 697 386 755 ad
407 717 474 756 aum
497 698 674 760 defecerunt.
737 699 814 756 Tum
843 699 874 756 in
896 695 1042 758 Oretanos
1063 715 1236 775 progressos
1256 705 1315 759 'ati

274 802 391 860 duobus
413 803 523 880 potitus
545 800 678 878 oppidis,
705 799 817 864 Noliba
838 816 867 861 et
888 804 999 874 Cusibi,
1020 804 1059 861 ad
1083 805 1200 879 Tagum
1222 823 1285 862 am·

299 906 347 965 irs
367 906 474 983 pergit.
528 907 666 965 Toletum
690 908 730 966 ibi
755 928 849 983 parva
870 910 940 966 urbs
962 918 1034 979 erut,
1059 908 1112 966 aed
1134 908 1199 967 loco
1223 911 1317 967 mu·8

274 1056 283 1073 .
341 1012 419 1069 Eam
452 1029 541 1087 quum
571 1021 771 1088 oppugnaret,
799 1013 960 1069 Vettonum
991 1030 1116 1087 mugnus
1141 1014 1287 1074 exereitus

274 1116 368 1174 ownia
396 1116 527 1174 subsidio
558 1118 647 1174 venit.
710 1115 785 1175 Cum
820 1117 855 1173 iis
892 1117 982 1190 signis
1008 1116 1121 1173 collatis
1146 1136 1287 1194 prospera

274 1219 416 1290 devitet,
437 1219 510 1278 fusis
532 1220 717 1290 Vettonibus,
740 1221 878 1296 operibus
899 1221 1035 1278 Toletum
1057 1222 1147 1297 cepit·

288 1324 435 1385 -ceterum
451 1344 487 1382 eo
502 1335 634 1401 tempure
651 1326 746 1384 miuus
761 1326 896 1398 sabella,
919 1341 983 1400 quae
1004 1328 1188 1400 gerebantur,
1209 1345 1287 1387 cum
1337 1325 1386 1395 23

274 1429 347 1488 ibus
368 1440 453 1487 erant
479 1447 567 1504 quem
593 1432 773 1506 exspect-atio
794 1431 923 1488 nondum
945 1429 1032 1504 coepti
1052 1448 1119 1486 cnm
1137 1430 1285 1488 Autome

274 1535 292 1593 i.
345 1536 426 1595 Nam
455 1534 510 1592 etsi
538 1554 592 1609 per
612 1535 725 1610 legates
749 1535 905 1593 identidem
928 1534 1026 1591 omnia
1048 1533 1317 1609 explorabantnr,2

276 1655 314 1695 en
334 1657 468 1697 mmores
499 1649 608 1698 temere
635 1639 698 1696 sine
725 1640 790 1696 ullis
812 1639 980 1697 auctoribus
1011 1638 1067 1696 orti
1094 1638 1185 1696 multa
1209 1639 1287 1697 tetes

274 1744 293 1800 'u
323 1743 501 1812 miscebant3
530 1744 607 1802 inter
635 1762 700 1818 quse
733 1744 852 1801 allatum
876 1754 948 1814 eret,
981 1762 1069 1818 quum
1090 1743 1121 1799 in
1141 1742 1318 1808 AEtoliam3

274 1848 344 1905 isset
365 1848 541 1918 Antiochus,
570 1849 716 1923 extemplo
739 1849 861 1905 classem
889 1867 954 1904 eum
976 1847 1007 1904 in
1029 1846 1157 1906 Siciliam
1181 1848 1288 1906 missu·

274 1969 292 2008 t.
318 1952 446 2025 ¹Itaque
468 1963 602 2022 senatus,
631 1954 685 2010 etsi
706 1965 860 2028 praetorem
885 1952 1008 2009 Atilium
1030 1971 1096 2010 cum
1118 1953 1213 2009 classe
1234 1952 1320 2016 mit

274 2065 298 2113 tt
316 2056 348 2113 in
370 2054 538 2127 Graeciam,
568 2067 676 2127 tamen,
702 2056 852 2130 quianon
874 2058 966 2131 copiis
989 2058 1092 2126 modo,
1121 2058 1173 2114 sed
1198 2058 1320 2120 etiam5

274 2161 394 2219 toritote
414 2146 491 2235 opus
513 2171 576 2218 erat
597 2162 635 2219 ad
657 2161 796 2219 tenendos
818 2161 963 2218 sociorum
986 2161 1108 2231 animos,
1128 2161 1165 2217 Τ.
1179 2160 1290 2233 Quino-

274 2285 292 2323 u
312 2275 342 2324 et
364 2263 418 2323 On.
441 2264 598 2323 Octavium
622 2274 651 2322 et
673 2265 728 2327 Cn.
752 2265 906 2323 Servilium
930 2274 958 2322 et
976 2266 1011 2322 P.
1033 2264 1152 2321 Villium
1175 2263 1290 2337 tegetes
1312 2300 1316 2309 .

274 2369 418 2430 Graeciam
442 2368 530 2438 misit,
552 2378 590 2439 et,
612 2378 645 2425 ut
664 2370 708 2426 M.
725 2370 843 2426 Baebioe
867 2388 905 2426 ex
926 2369 1048 2426 Bruttiis
1070 2369 1108 2425 od
1129 2370 1290 2426 'Parentum

274 2474 459 2535 Brundisium
482 2481 670 2547 promoveret
690 2471 834 2548 legiones,
856 2474 1001 2544 decrevit,
1032 2483 1064 2531 ut
1090 2473 1172 2544 inda,
1197 2472 1323 2537 siresa

274 2590 368 2650 aeret,
394 2579 425 2636 in
448 2577 656 2635 Macedoniam
680 2579 838 2646 traiiceret3
866 2589 896 2635 et
922 2588 954 2636 ut
975 2579 1017 2636 M.
1040 2577 1162 2635 Fulvius
1183 2585 1292 2652 praetor

274 2702 344 2743 uem
383 2683 503 2741 navium
538 2682 641 2756 viginti
663 2683 798 2740 mitteret
823 2683 861 2738 ad
891 2684 1027 2740 tuendam
1058 2682 1165 2742 Siciliae
1199 2699 1293 2751 orem,

280 2797 310 2846 ut
336 2806 402 2845 cum
430 2785 555 2861 imperio
576 2798 668 2858 esset,
691 2787 740 2861 qui
763 2787 883 2843 classem
910 2804 974 2843 eom
997 2786 1116 2844 duceret
1138 2785 1234 2859 (duxit
1255 2784 1324 2850 Μ

275 2891 336 2966 pins
358 2891 518 2961 Salinator,
546 2891 595 2964 qui
617 2891 715 2966 priore
737 2909 814 2947 anuo
835 2890 926 2946 editis
947 2891 1042 2966 plebei
1063 2890 1188 2964 fuerat);
1212 2899 1241 2946 et
1260 2898 1294 2945 ut

274 2997 489 3070 spretor-1..
513 2994 636 3051 Valerio
660 2995 780 3070 collegas
800 2995 948 3064 scriberet,
976 2995 1135 3069 periculum
1157 3013 1230 3064 esse,
1256 3001 1325 3057 aes

274 3099 324 3156 eie
344 3099 423 3173 regis
446 3099 588 3156 Antiochi
610 3118 648 3156 ex
671 3099 787 3158 AEtolie
807 3099 837 3153 in
859 3098 988 3156 Siciliam
1010 3100 1170 3168 traiiceret3
1194 3099 1294 3173 itaque

274 3220 339 3260 aare
358 3205 484 3274 senatui,
506 3205 545 3261 ad
567 3196 632 3261 eum
648 3204 817 3271 exercitum,
838 3220 922 3276 quem
941 3202 1070 3271 haberet,
1092 3202 1295 3259 tumultuario·
1382 3239 1387 3249 .

274 3325 289 3363 n
320 3307 443 3364 militum
481 3309 520 3364 ad
554 3308 706 3366 duodecim
738 3307 829 3362 millia
861 3314 890 3362 et
921 3305 1147 3380 quadringentos
1183 3296 1294 3378 equites

274 3409 372 3482 iberet,
398 3411 505 3486 quibus
525 3430 608 3467 oram
631 3413 806 3469 maritimam
829 3409 1000 3486 provinciae,
1030 3426 1090 3482 qua
1112 3409 1296 3482 vergeretis

274 3515 381 3586 nciam,
409 3516 486 3573 tneri
508 3523 616 3591 posset.
668 3516 745 3572 Eum
768 3516 903 3573 dilectum
925 3524 1034 3589 prator
1055 3531 1114 3569 non
1137 3531 1174 3569 ex
1196 3512 1328 3578 Siciliae

275 3637 292 3675 a
320 3628 450 3690 tantam,
488 3619 541 3676 sed
578 3637 617 3676 ex
654 3619 925 3677 circumiacentibus
955 3618 1054 3675 insulis
1087 3617 1204 3688 habuit,
1239 3636 1296 3694 op·

274 3723 353 3799 laque
373 3723 475 3780 omnia
497 3723 654 3793 maritima,
676 3742 741 3798 quse
763 3725 791 3781 in
817 3724 962 3783 Graeciam
987 3739 1074 3780 versa
1094 3730 1192 3793 erant,
1222 3741 1296 3799 prte-

274 3826 308 3886 ᾖ
332 3828 472 3887 firmavit.
530 3827 655 3884 Addidit
681 3827 820 3885 alimenta
839 3828 1006 3886 rumoribus
1030 3827 1171 3884 adventus
1193 3828 1296 3897 Attali,
1314 3833 1353 3891 10

274 3935 364 3992 manis
384 3931 497 4002 fratris,
520 3930 570 4005 qui
591 3930 744 4000 nuntiavit,
766 3931 943 3989 Antiochum
965 3950 1062 4007 regem
1076 3930 1297 4006 Hellespontum
1322 3931 1325 3939 '

274 4052 295 4093 u
316 4038 445 4096 asscito
474 4036 634 4105 mansisse,
663 4044 693 4091 et
713 4035 834 4092 AEtolos
852 4037 895 4093 ita
915 4054 948 4092 se
969 4053 1092 4110 parare,
1116 4044 1149 4090 ut
1169 4036 1224 4092 sub
1247 4035 1299 4092 ad·

274 4148 344 4200 mn
366 4142 429 4200 eius
450 4142 482 4199 in
508 4139 598 4203 ermis
622 4147 727 4199 essent.
776 4139 816 4196 Et
832 4140 954 4197 Eumeni
977 4137 1090 4196 absenti
1111 4148 1141 4194 et
1163 4138 1298 4212 presenti
1315 4146 1357 4203 ss

274 4245 332 4310 tate
357 4246 461 4323 gratia
488 4255 579 4316 actas,
608 4251 638 4301 st
663 4242 741 4300 ades
761 4242 868 4314 libero,
899 4243 991 4315 locus,
1020 4241 1113 4300 lautia
1134 4242 1252 4301 decreta
1272 4251 1329 4302 eti

1055 4339 1102 4396 ta*
